3002 4788
701 297 741 363 27

176 491 230 558 sed
251 489 435 556 Aristoteles
455 489 489 553 in
510 487 580 553 looo
602 508 697 571 snpra
718 486 830 552 allate:
867 483 945 572 περὶ
966 474 1010 549 ὧν
1031 479 1108 550 καθ’
1130 481 1266 550 ἕκαστον

175 593 209 659 ἑν
230 596 302 670 τοῖς
321 594 486 677 μετρικοῖς
507 586 664 678 προσήκει
686 593 823 677 θεωρεῖν
844 591 942 670 (Post.
965 614 991 656 υ.
1014 591 1096 674 2οη,
1126 587 1266 672 disputa-

175 705 242 764 tum
271 695 368 762 tuisse
397 693 534 760 ostendit
561 693 600 758 de
627 693 714 758 hisce
742 693 850 772 rebus,
885 715 964 776 quas
990 694 1037 758 ita
1064 691 1172 776 paullo
1193 697 1267 756 ante

177 799 347 885 signifieat:
384 793 454 864 ἔστι
475 796 511 863 δὲ
532 799 657 884 φωνῆεν
678 794 737 878 μὲν
758 788 833 862 ύνευ
855 796 1044 882 προσβολῆς
1064 790 1136 876 ἕχον
1157 789 1267 881 φωνὴν

177 898 345 990 ἀκουστήν,
368 891 439 966 οἷον
456 895 494 965 τὸ
516 903 556 964 Α
576 895 632 964 καὶ
653 896 692 964 τὸ
707 901 746 979 Ω,
769 895 937 987 ἡμίφωνον
952 897 989 965 δὲ
1003 893 1042 963 τό
1056 893 1139 980 μετὰ
1161 917 1267 983 προο-

177 1007 276 1094 βολῆς
297 1001 369 1086 ἐηον
390 999 499 1090 φωνὴν
520 995 692 1089 ἀκουστήν,
730 992 800 1067 οἷον
820 998 858 1068 τὸ
881 1005 909 1066 Σ
927 997 1043 1066 καὶτὸ
1064 1005 1106 1081 Ρ,
1138 992 1268 1088 ύφωνον

178 1109 214 1175 δὲ
235 1105 274 1174 τὸ
294 1104 376 1191 μετὰ
406 1101 593 1192 προσβολῆς
622 1098 701 1170 καθ’
733 1100 812 1170 αύτό
838 1103 897 1187 μὲν
924 1098 1076 1186 οὐδεμίαν
1103 1097 1174 1185 ἔλεον
1195 1126 1267 1194 φω-

178 1209 248 1298 νήν,
282 1207 364 1294 μετὰ
387 1207 423 1275 δὲ
444 1212 509 1273 τῶν
531 1203 667 1289 ἑχόντων
688 1203 761 1274 τινὰ
782 1204 891 1296 φωνὴν
914 1203 1078 1292 γινόμενον
1099 1200 1267 1285 όκουοτόν,

177 1305 247 1382 οἷον
267 1312 304 1379 τὸ
327 1319 357 1378 Γ
374 1309 431 1377 καὶ
463 1307 501 1376 τὸ
523 1313 564 1375 Λ.
587 1313 690 1374 ταῦτα
721 1308 758 1376 δὲ
790 1308 937 1399 διαφέρει
969 1304 1111 1397 σχήμασί
1142 1332 1178 1373 τε
1210 1313 1270 1374 τοῦ

177 1415 340 1502 πόματος
367 1411 424 1480 καὶ
451 1410 570 1492 τόποις
597 1409 653 1477 καὶ
675 1410 830 1502 δασύτητι
859 1409 915 1477 καὶ
944 1408 1103 1499 ψιλότητι
1129 1408 1185 1477 καὶ
1205 1407 1268 1500 μή·

175 1547 224 1588 κει
238 1518 294 1586 καὶ
308 1513 490 1605 βραχύτητι,
514 1512 566 1584 ἔτι
580 1509 757 1604 όὲόξύτητι
770 1514 827 1582 καὶ
847 1512 1003 1603 βαρύτητι
1024 1511 1080 1580 καὶ
1101 1518 1149 1602 τηῖ
1169 1514 1268 1601 μέσην.

176 1628 236 1694 llio
256 1626 354 1709 igitur
375 1616 544 1708 προσβολή
565 1620 644 1685 illud
670 1619 796 1704 linguae
816 1619 965 1685 adversus
992 1618 1089 1684 aliam
1110 1619 1270 1702 quandam

176 1732 240 1796 oris
267 1731 389 1813 partem
409 1725 619 1809 pulsationem
639 1721 804 1807 signifieat.
847 1721 932 1787 Illud
948 1743 1017 1806 oap.
1032 1722 1083 1785 20.
1127 1721 1271 1789 Poeticae

177 1835 242 1899 sire
264 1827 441 1895 Aristotelis
462 1832 510 1892 est
530 1826 594 1891 sive
616 1845 680 1890 non
701 1831 758 1904 est,
779 1826 840 1891 hoo
862 1825 974 1891 saltam
994 1833 1136 1908 apparet,
1156 1827 1198 1892 de
1219 1850 1271 1893 ra·

177 1937 263 2001 tione
283 1953 347 2016 qua
366 1931 476 1996 literae
497 1929 791 2012 pronuntiarentur,
827 1934 901 1994 ante
921 1928 1105 2014 Dionysium
1133 1929 1272 1997 diversas

180 2035 350 2104 sententias
387 2031 529 2117 prolatas
559 2052 634 2096 esse.
685 2031 869 2097 Aristoteles
901 2053 1010 2098 revera
1041 2035 1080 2100 de
1108 2033 1207 2098 literis
1239 2056 1272 2100 se

177 2140 365 2225 quaesivisse
385 2135 466 2200 llist.
489 2135 583 2198 anim.
605 2134 658 2213 IV,
680 2135 710 2198 9.
732 2135 932 2217 oomprobat:
968 2132 1009 2200 τὰ
1035 2133 1095 2217 μὲν
1123 2125 1179 2201 οἷν
1201 2159 1271 2222 φω-

177 2236 323 2330 νήενταῆ
347 2234 436 2326 φωνὴ
459 2233 515 2301 καὶ
535 2232 553 2301 ό
578 2232 696 2321 λάρυγξ
708 2230 853 2323 υἷφίησιν,
875 2231 917 2300 τὰ
933 2228 963 2300 δ’
977 2229 1092 2322 όφωνα
1112 2232 1273 2325 ἡγλῶττα

178 2343 234 2411 καὶ
266 2341 307 2410 τὰ
339 2337 437 2428 χείλη.
482 2340 531 2404 Ex
562 2345 666 2405 vetere
698 2338 785 2404 fonte
811 2338 964 2404 Aristides
991 2341 1203 2418 Quintilianus
1225 2342 1273 2409 De

179 2449 298 2514 musica
318 2445 358 2525 Π,
379 2467 409 2529 p.
431 2445 482 2508 92.
505 2441 598 2508 Meih.
627 2447 754 2526 praeter
780 2441 843 2508 alia
874 2442 952 2508 haee
974 2443 1116 2510 hausisse
1137 2445 1273 2511 videtur:

179 2546 325 2616 καθόλου
346 2543 388 2612 τὰ
408 2546 468 2629 μὲν
490 2543 524 2624 ἐς
544 2549 647 2633 μῆκος
666 2549 786 2631 βροντᾷ
801 2545 849 2629 (2)
871 2542 909 2609 τὸ
926 2539 1041 2626 στόμα,
1065 2548 1275 2634 σεμνοτέρους

179 2679 215 2721 τε
228 2648 306 2730 τοὺς
319 2644 413 2740 ἤχους
427 2646 483 2714 καὶ
498 2642 765 2736 ἄρρενοπρεπεῖς·
788 2643 830 2711 τὰ
845 2639 874 2711 δ’
890 2644 923 2724 ἐς
935 2643 1063 2727 πλάτος
1077 2649 1272 2737 διαιροῦντα,
1351 2679 1356 2690 ·

179 2754 233 2822 καὶ
266 2751 326 2833 τὰς
354 2747 552 2840 ἐκφωνήσεις
581 2745 697 2838 ἥττους
723 2773 760 2815 τε
790 2746 847 2814 καὶ
878 2749 1060 2837 θηλυτέρας
1090 2747 1164 2833 lipsa
1213 2754 1275 2820 Sed

180 2866 253 2926 ante
283 2856 483 2923 Aristotelem
512 2854 603 2920 Plato
635 2852 752 2937 Gratyl.
780 2852 844 2916 426
865 2874 891 2917 o.
926 2852 965 2917 de
993 2853 1157 2921 literarum
1191 2859 1276 2924 sonis

180 2983 286 3029 rernm
307 2966 453 3026 naturam
485 2956 681 3023 imitantibus
709 2956 857 3038 loquitur.
902 2959 1004 3022 Antea
1031 2963 1137 3023 antem
1157 2959 1275 3044 Pytha-

180 3065 287 3152 goraei
309 3063 348 3129 de
369 3063 531 3128 literarum
553 3066 669 3126 natura
690 3059 909 3142 quaesiverant
931 3059 1051 3136 (Daris.
1073 3061 1115 3126 ad
1127 3060 1190 3128 Cio.
1213 3063 1275 3129 Tu-

180 3168 256 3235 soul.
279 3167 303 3246 l,
325 3166 407 3247 25),
441 3185 494 3229 sos
515 3163 614 3228 secuti
636 3168 709 3228 sunt
729 3162 904 3246 sophistae,
939 3168 976 3228 ut
996 3184 1035 3228 ex
1057 3162 1137 3228 Plat.
1158 3163 1274 3250 Gratyl.

180 3276 333 3356 apparet3
354 3268 428 3334 hino
444 3266 538 3332 etiam
560 3264 732 3330 derivanda
753 3263 908 3343 videntur,
931 3286 1012 3348 quae
1033 3266 1161 3332 Aristid.
1179 3267 1275 3346 Quin-

182 3374 228 3440 til.
243 3373 296 3440 lib.
312 3371 352 3452 Π,
368 3370 418 3435 88.
440 3370 589 3453 disputat.
634 3367 671 3433 V.
686 3391 713 3434 v.
730 3367 876 3448 Lentsoh,
901 3367 1073 3434 Gnmdriss
1088 3368 1144 3435 der
1158 3371 1274 3454 grisoli.

182 3475 306 3555 Metrik,
327 3496 358 3558 p.
377 3473 446 3538 104.
469 3474 508 3538 ol.
531 3477 581 3554 ἓξ.
597 3473 647 3537 61.
673 3471 751 3550 105;
787 3469 870 3536 idem
893 3471 1046 3550 ostendit,
1069 3473 1215 3538 metricos
1236 3473 1275 3538 de

182 3577 288 3644 indole
308 3583 403 3660 atque
424 3576 557 3643 historia
579 3575 741 3641 literarum
763 3579 795 3639 at
816 3579 931 3640 natura
945 3574 1139 3660 syllabarum
1153 3575 1187 3640 in
1202 3597 1275 3660 ope·

182 3702 253 3747 rum
275 3679 421 3765 proemiis
443 3685 527 3744 certe
555 3677 629 3743 inde
654 3677 695 3742 ab
716 3677 877 3742 Heliodori
898 3681 1002 3742 aetate
1023 3679 1122 3762 egisse
1146 3678 1274 3758 (Philol.

183 3784 238 3863 XI,
254 3783 356 3864 741.);
378 3781 432 3848 sed
454 3780 492 3846 de
507 3780 568 3846 hao
582 3780 663 3844 nihil
677 3785 821 3846 constare
843 3779 1085 3859 dolendumne,
1105 3781 1222 3865 quippe
1236 3781 1275 3848 de

182 3908 246 3970 qua
265 3886 408 3951 homines
429 3884 513 3950 dooti
534 3885 568 3949 in
590 3884 729 3949 diversas
750 3888 856 3967 partes
878 3881 1073 3949 dissentiant.

268 3989 317 4054 Ex
338 3987 438 4054 literis
459 3986 638 4053 efficiuntur
660 3986 809 4071 syllabae.
863 3984 911 4050 De
933 4006 1041 4052 aarum
1063 3987 1215 4054 brevitate
1237 4009 1275 4053 ao

183 4091 379 4176 longitudine
407 4091 491 4175 apud
519 4090 705 4175 Dionysium
726 4089 878 4154 Thracem
905 4090 949 4172 (p.
972 4089 1043 4155 632.
1066 4090 1137 4154 633.
1159 4089 1273 4176 Bekk.)

184 4196 293 4262 eadem
308 4195 373 4260 fere
387 4194 588 4259 inveniuntur
602 4213 683 4277 quae
696 4192 782 4277 apud
797 4192 981 4277 Dionysium
996 4193 1156 4259 Halicarn.
1173 4213 1273 4279 oomp.
