3002 4788
749 305 769 364 6

213 517 282 560 mus
311 494 349 558 de
378 492 617 578 opportunitate
640 511 662 554 s.
693 490 793 574 accpq'
822 489 854 552 in
884 486 1110 572 compositione
1140 485 1307 552 verborum

212 596 443 664 consideranda
471 592 645 678 scripserit,
677 591 757 655 nihil
783 591 887 674 gravis
914 590 1066 654 momenti
1089 589 1128 654 de
1149 610 1188 654 ea
1208 591 1307 656 tradi-

212 701 294 767 disse
313 705 347 780 1).
392 698 439 762 De
462 695 651 761 Aristoxeno
680 714 762 778 quae
784 693 817 756 in
838 691 1052 776 disputatione
1075 691 1114 756 de
1141 692 1306 759 literarum

211 802 316 869 indole
330 822 369 866 ac
383 797 566 866 discrimine
589 795 694 860 adfert
714 817 744 880 p.
761 799 810 871 72,
833 793 919 858 intra
941 793 1201 860 examinabimus.
1236 796 1307 860 Pla·

211 912 318 972 tonem
347 905 484 989 primum
506 901 545 964 de
567 900 734 964 verborum
763 896 937 979 originibus
967 918 1038 961 cum
1061 898 1095 961 in
1114 897 1186 962 aliis
1208 898 1307 963 dialo-

211 1009 260 1112 gis
280 1015 349 1072 tum
370 1007 404 1071 in
427 1002 557 1087 Cratylo
584 1002 800 1085 disputantem
826 999 967 1064 omnium
995 1000 1113 1083 optime
1143 999 1181 1064 de
1205 1001 1308 1066 verbis

211 1132 318 1178 rerum
333 1114 468 1174 naturae
483 1103 698 1171 imitatoribus
720 1101 883 1184 scripsisse
903 1101 1054 1166 adfirmat
1075 1123 1105 1186 p.
1122 1106 1171 1166 95.
1207 1102 1307 1168 Theo·

210 1214 376 1300 phrastum
400 1211 433 1275 in
455 1208 546 1274 libris
567 1207 607 1272 de
630 1205 806 1270 elocutione
828 1226 852 1268 s.
877 1199 953 1290 περὶ
975 1202 1088 1284 λέξεως
1115 1204 1307 1289 quaesivisse

210 1317 256 1382 ait
279 1323 321 1399 (p.
342 1317 425 1393 101),
449 1332 531 1396 quae
553 1309 650 1374 verba
671 1314 788 1373 natura
810 1306 875 1372 sint
895 1306 1038 1391 pulchra,
1060 1313 1092 1372 et
1114 1307 1243 1374 omnino
1266 1329 1306 1374 ex

210 1417 356 1504 qualibus
377 1415 482 1480 verbis
503 1411 638 1498 pulchra
660 1416 757 1496 atque
779 1409 963 1493 magnifica,
992 1415 1024 1474 et
1045 1430 1084 1474 ex
1106 1409 1220 1493 quibus
1242 1411 1307 1476 alia

211 1519 337 1587 dicendi
368 1537 485 1602 genera
517 1515 708 1584 11111112).
754 1513 927 1597 Epicureos
956 1518 1062 1578 autem
1092 1514 1229 1578 maxime
1259 1535 1307 1578 rc·

210 1621 394 1709 prehendit,
421 1618 506 1704 quod
529 1616 788 1701 compositionem
809 1635 993 1700 promovere
1015 1615 1092 1679 nihil
1117 1618 1307 1695 curaverint,

209 1748 240 1811 p.
260 1728 328 1789 188.
375 1721 518 1804 Denique
541 1717 721 1784 Aristotelis
749 1717 937 1783 Rhetoricae
965 1718 1082 1782 librum
1112 1719 1239 1784 tertium
1270 1726 1307 1786 ut

210 1847 344 1912 magnae
367 1823 569 1890 auctoritatis
591 1843 662 1887 curn
685 1820 725 1885 de
748 1821 896 1913 universa
922 1818 1104 1904 eloquentia
1132 1823 1216 1888 civili
1238 1830 1306 1890 tum

210 1930 248 1996 de
271 1948 474 1993 numerorum
506 1924 720 1990 concinnitate
749 1922 930 2007 adpetenda
958 1929 1072 1988 testem
1093 1923 1241 1990 laudibus
1263 1925 1308 1989 ef-

210 2030 414 2116 11111191.
902 2039 907 2048 ·

294 2133 360 2198 Hos
381 2132 479 2217 igitur
501 2149 609 2194 omnes
631 2129 703 2194 idco
724 2128 924 2214 potissimum
948 2127 1054 2194 adfert
1069 2127 1248 2215 Dionysius,
1271 2136 1307 2196 11

210 2236 366 2314 ostendat,
388 2235 515 2300 minora
529 2252 562 2296 se
578 2232 623 2296 111
638 2231 762 2302 debere,
785 2252 879 2316 quam
903 2232 976 2312 illis,
1000 2251 1078 2317 quos
1100 2239 1157 2298 aut
1178 2235 1306 2300 omniuo

210 2361 272 2405 non
296 2337 439 2404 nominat
461 2341 518 2400 aut
543 2334 674 2399 incertis
700 2335 890 2420 quibusdam
912 2334 1088 2413 vocabulis,
1122 2356 1203 2420 quae
1231 2343 1306 2404 sunt

209 2435 240 2506 oi
262 2433 436 2526 ῥυθμικοὶ,
460 2431 492 2502 οἳ
513 2432 661 2522 μετρικοὶ
682 2444 757 2515 cet,
787 2438 821 2502 id
843 2437 927 2522 quod
949 2439 1034 2503 infra
1055 2461 1095 2504 ex
1116 2441 1305 2526 comparati·

208 2564 267 2609 one
295 2543 436 2608 locorum
463 2541 640 2625 apparebit.
687 2540 794 2620 Quid?
827 2542 910 2625 quod
933 2542 1001 2626 ipse
1024 2541 1181 2608 distinctis
1202 2544 1306 2609 verbis

210 2670 240 2733 p.
258 2651 288 2712 6.
312 2665 493 2731 quenquam
515 2664 641 2722 eorum,
664 2645 718 2728 qui
742 2644 782 2708 (11
804 2645 957 2710 struenda
978 2646 1122 2710 oratione
1144 2647 1305 2730 quaesive-

207 2750 285 2826 rint,
299 2747 483 2814 satisfacere
500 2752 614 2831 negat:
631 2742 860 2831 συμιβαλλομαί
875 2768 930 2813 σοι
945 2746 1043 2834 μέρος
1058 2741 1106 2826 εἶς
1118 2743 1176 2813 τὸν
1190 2742 1303 2833 ἔρωτα,

206 2847 245 2918 τὸ
267 2848 345 2937 περὶ
366 2851 551 2930 συνθέσεως
573 2843 749 2932 ὀνομάτων,
774 2844 998 2935 πραγματείαν
1020 2842 1078 2915 oria
1101 2843 1225 2935 ὀλίγοις
1245 2848 1305 2934 μὲν

209 2951 266 3020 ἐπὶ
281 2949 362 3018 Ινοῦν
385 2952 556 3042 ἐλθοῦσαν,
579 2947 653 3017 ὅσοι
675 2956 740 3016 τῶν
762 2945 902 3038 ἀρχαίων
923 2950 1092 3041 ῥητορικὰς
1112 2945 1134 3042 ἢ
1154 2950 1209 3019 καὶ
1231 2953 1304 3020 δια-

208 3051 356 3134 λεκτικὰς
377 3053 582 3142 συνέγραψαν
602 3052 728 3136 τέχνας,
760 3049 918 3122 1111111
941 3050 1098 3144 ἀκριβῶς,
1126 3051 1195 3122 οὐδ’
1216 3051 1304 3122 (ἰπο-

206 3149 353 3247 χρώντιύς
374 3156 466 3245 μέχρι
487 3161 545 3221 τοῦ
567 3153 730 3244 παρόντος
752 3156 1004 3248 ἐξειργασμένην,
1030 3154 1074 3239 ὦς
1096 3155 1158 3244 ἐγώ
1181 3161 1304 3224 πείθο-

207 3286 276 3346 μαι.
319 3262 431 3345 Neque
452 3282 526 3326 vero
548 3282 657 3325 eorum
686 3263 848 3328 doctrinas
878 3264 933 3348 qni
955 3263 994 3328 de
1017 3262 1199 3347 eloquentia
1220 3262 1305 3327 cirili

207 3365 286 3430 bene
308 3369 501 3440 meruerant,
525 3364 707 3444 contemnit,
731 3371 768 3430 ut
790 3372 925 3451 apparet
940 3388 979 3431 ex
994 3366 1085 3449 epist.
1101 3367 1126 3430 1.
1143 3365 1185 3432 ad
1201 3367 1303 3430 Amm.

208 3489 234 3534 c.
250 3471 283 3546 2,
311 3468 366 3533 ubi
387 3467 516 3552 longam
538 3465 702 3532 rhetorum
725 3468 836 3532 seriem
861 3467 974 3534 adfert.
1020 3469 1067 3532 Ex
1090 3488 1225 3551 quorum
1247 3491 1304 3534 nu·

208 3591 295 3638 mero
323 3568 559 3655 Thrasymacho
587 3576 619 3633 et
647 3569 845 3635 Theodectes
874 3569 985 3636 Cicero
1007 3569 1170 3653 Ephorum
1197 3571 1302 3636 addit:

207 3674 328 3759 primus
355 3672 410 3737 ille
436 3692 602 3737 numerum
632 3672 787 3737 orationis
816 3672 973 3757 pedestris
1001 3672 1180 3750 invenerat,
1221 3675 1304 3740 alter

208 3777 246 3842 de
269 3781 339 3840 arte
361 3774 536 3854 rhetorica,
565 3776 680 3841 tertius
702 3774 741 3840 de
763 3775 941 3841 elocutione
963 3771 1056 3862 (περὶ
1077 3773 1205 3858 λέξεως)
1228 3777 1303 3842 scri-

226 3935 228 3938 .
243 3933 307 3941 .----
314 3933 372 3939 -ω-
384 3931 408 3938 ..-

279 4025 299 4088 l)
334 4023 374 4078 Dc
391 4022 445 4078 hoc
461 4040 544 4094 opere
561 4023 597 4079 ef.
616 4024 741 4096 Spengel,
760 4026 870 4080 Artium
889 4027 1037 4096 scriptores
1055 4046 1082 4099 p.
1095 4033 1137 4083 80.
1156 4033 1198 4084 81.

278 4113 301 4167 ²)
338 4110 378 4167 Cl.
395 4112 430 4166 de
448 4110 631 4180 Theophrasti
648 4113 785 4170 rhetorice
804 4113 917 4182 Quintil.
935 4115 983 4184 III,
1009 4120 1032 4178 1,
1052 4118 1093 4172 15.
1116 4117 1164 4185 ΙΠ,
1185 4119 1208 4185 7,
1236 4122 1259 4172 1.
1277 4122 1302 4186 8,

210 4201 252 4254 62.
269 4200 315 4268 Vl,
336 4204 360 4272 1,
379 4203 429 4269 32,
449 4199 485 4254 de
502 4200 656 4258 elocutione
673 4201 754 4256 libr.:
782 4201 840 4257 Cic.
857 4202 932 4256 Orat.
951 4205 993 4258 79.
1013 4207 1070 4259 172.
1092 4207 1151 4259 194.
1168 4208 1228 4260 218.
