3002 4788
778 265 815 324 la

252 446 341 511 Haec
375 446 439 512 tria
471 445 568 511 etiam
597 446 630 510 in
663 445 876 510 membrorum
909 445 1133 528 compositione
1168 445 1344 510 exercenda

252 555 341 629 sunt,
362 549 397 614 id
419 548 518 632 quod,
541 553 578 613 ut
600 546 770 630 Dionysius
792 547 893 627 docet,
915 568 990 611 usus
1010 550 1133 632 (πεῖρα)
1155 550 1221 632 ipse
1244 548 1343 632 expli·

252 651 346 716 cabit.
391 651 437 716 De
460 656 620 716 structura
641 656 748 716 autem
769 650 981 714 membrorum
1004 672 1030 714 e.
1053 657 1070 714 7
1094 651 1172 716 haec
1194 653 1342 734 exponit:

251 749 307 817 καί
328 756 430 818 ταῦτα
459 747 601 840 ἁρμόσαι
621 752 671 817 δεῖ
692 749 777 837 πρὸς
798 745 937 839 ίίλληλα,
965 746 1009 830 ιῦς
1031 747 1136 818 οἰκεῖα
1157 749 1338 841 φαίνεσθαι

250 852 306 921 καί
326 851 417 943 φίλα.
441 895 478 905 -
502 852 663 932 πολλάκις
683 850 742 940 γὰρ
764 851 856 920 τουτί
869 851 929 937 μὲν
943 851 981 919 τὸ
996 855 1100 920 κῶλον
1120 854 1236 921 τούτου
1258 878 1342 942 προ-

250 957 362 1038 τεθέν,
392 950 413 1046 ἢ
439 955 498 1024 ε’πλ
524 955 629 1044 τούτῳ
658 955 774 1038 τεθέν,
812 952 986 1039 εὐστομίαν
1011 953 1084 1023 τινὰ
1110 955 1260 1046 ἐμφαίνει
1287 956 1344 1024 καί

252 1057 441 1148 σεμνότητα·
474 1055 584 1148 ἑτέραν
606 1059 642 1125 δέ
662 1083 736 1124 τινα
756 1056 904 1145 συζυγίαν
925 1054 1040 1144 λαβίν,
1073 1053 1168 1147 ι’ίχαρι
1193 1057 1343 1148 φαίνεται

250 1160 305 1228 καί
326 1157 473 1247 ἰίσεμνον.
517 1164 600 1229 Huic
622 1169 654 1228 et
674 1164 752 1247 ipsi,
781 1183 820 1228 ex
852 1162 1000 1246 analogia
1028 1169 1207 1230 structurae
1234 1165 1343 1232 verbo-

162 1351 164 1356 ·
251 1288 320 1332 rum
343 1268 505 1347 inventae,
528 1266 630 1332 simile
653 1264 805 1350 quiddam
827 1265 1052 1332 conferendum
1075 1273 1123 1332 est
1144 1269 1229 1352 apud
1252 1269 1344 1334 Auct.

251 1369 292 1436 ad
322 1369 459 1434 Herenn.
482 1369 543 1450 IV,
569 1373 621 1448 19,
649 1372 707 1440 26;
752 1367 950 1448 „Membrum
982 1370 1136 1435 orationis
1163 1369 1345 1454 appellatur

250 1493 301 1538 res
321 1472 459 1537 breviter
481 1469 628 1536 absoluta
656 1470 724 1534 sine
745 1471 844 1536 totins
866 1473 1041 1537 sententiae
1064 1472 1344 1550 demonstratione,

250 1595 331 1659 quae
353 1574 456 1639 denuo
482 1573 544 1638 alio
573 1573 715 1638 membro
743 1573 897 1638 orationis
925 1575 1090 1659 excipitur.
1115 1615 1154 1626 -
1191 1575 1241 1640 Ex
1269 1574 1345 1640 duo·

250 1678 309 1742 bus
329 1676 479 1741 membris
499 1676 565 1742 suis
588 1675 666 1748 haec
687 1676 851 1741 exornatio
873 1683 979 1760 potest
1000 1683 1161 1758 constare;
1183 1677 1238 1742 sed
1260 1698 1344 1742 com-

250 1778 433 1844 modissima
460 1784 493 1842 et
522 1778 758 1843 absolutissima
789 1785 852 1859 est,
889 1800 972 1863 quae
994 1802 1032 1844 ex
1055 1780 1156 1846 tribus
1183 1783 1341 1859 constat;“

250 1901 432 1966 quanquam
454 1881 532 1946 haec
553 1901 617 1946 non
638 1881 681 1945 ad
703 1881 837 1947 eandem
851 1883 1041 1948 sententiam
1063 1883 1198 1947 redeunt
1217 1903 1255 1948 ac
1270 1883 1344 1948 Dio·

250 1984 331 2067 nysii
351 1984 456 2062 verba,
478 1989 586 2048 tamen
608 1982 647 2047 de
662 1983 875 2048 membrorum
891 1989 1039 2050 accurato
1062 1984 1173 2049 ordine
1196 1984 1236 2048 ab
1257 1991 1345 2049 utro-

250 2107 311 2171 que
334 2086 524 2170 disputatnr.
571 2087 719 2170 Apertius
741 2086 838 2151 etiam
860 2107 941 2170 quae
963 2086 1107 2170 sequitur
1128 2085 1341 2150 membrorum

250 2189 530 2254 conformationem
553 2192 592 2270 (c.
611 2191 653 2270 8.)
676 2189 854 2271 antiquitus
876 2209 1066 2274 magnopere
1089 2194 1259 2253 tractatam
1275 2207 1344 2254 esse

250 2298 389 2358 constat:
426 2291 460 2356 in
481 2291 542 2356 hac
571 2292 656 2356 enim
679 2290 847 2373 Dionysius
875 2293 967 2376 ponit
987 2293 1098 2357 tritam
1119 2291 1208 2356 illam
1230 2312 1267 2356 ac
1290 2311 1344 2355 no·

250 2395 405 2460 tissimam
427 2393 610 2477 figurarum,
632 2414 714 2477 quae
730 2393 887 2475 dicuntur,
911 2392 1199 2471 conformationem,
1222 2393 1261 2457 de
1281 2412 1346 2476 qua

208 2498 211 2503 '
250 2497 379 2581 quidem
400 2497 482 2560 hanc
505 2497 634 2580 exponit
656 2498 860 2562 sententiam:
884 2489 942 2561 οὐκ
965 2491 1053 2562 ἔστιν
1074 2485 1123 2574 εἷς
1143 2492 1266 2580 τρόπος
1287 2498 1346 2582 τῆς

251 2597 392 2687 ἐκφορᾶς
417 2602 482 2662 τῶν
509 2594 693 2686 νοημάτων,
731 2591 816 2664 οίλλὰ
843 2595 885 2664 τὰ
918 2596 978 2681 μὲν
1007 2593 1052 2677 ὥς
1083 2591 1344 2688 ἀποφαινόμενοι

251 2703 400 2787 λέγομεν,
431 2697 471 2765 τὰ
493 2701 529 2766 δὲ
550 2695 595 2780 τίς
617 2701 865 2787 διαποροῦντες,
902 2699 943 2765 τὰ
966 2699 1002 2766 δὲ
1023 2695 1068 2778 ὡς
1089 2697 1344 2784 πανθανόμενοι,

251 2801 292 2870 τὰ
315 2804 351 2869 δὲ
365 2799 409 2881 εἷς
430 2797 604 2887 εὐχόμενοι,
627 2801 669 2868 τὰ
691 2803 727 2870 δὲ
749 2799 793 2882 ὡς
815 2800 1055 2883 ἐπιτάττοντες,
1078 2801 1119 2868 τὰ
1142 2802 1178 2868 δὲ
1200 2799 1244 2882 ὡς
1258 2808 1343 2868 ὑπο-

251 2905 429 2990 τιθέμενοι,
453 2902 494 2971 τὰ
517 2902 546 2970 d’
570 2897 675 2983 ίίλλως
696 2929 769 2985 πως
790 2902 1051 2995 σχηματίζοντες·
1084 2897 1134 2985 οἷς
1155 2900 1347 2984 ἀκολούθως

252 3006 385 3098 κοίτην
412 3007 496 3090 λέξιν
525 3003 728 3094 πειρώμεθα
757 3006 970 3097 σχηματίζειν.
1014 3011 1204 3094 Figuratum
1232 3010 1346 3074 doctri-

253 3135 337 3193 nam,
361 3133 456 3197 quam
471 3112 670 3177 notissimam
684 3133 751 3178 esse
767 3114 933 3198 significat,
956 3135 1018 3179 non
1034 3112 1127 3178 modo
1139 3111 1346 3197 peramplam,

253 3216 308 3281 sed
331 3217 427 3281 etiam
450 3213 608 3279 difficilem
636 3221 776 3281 tractatu
799 3237 866 3282 csse
889 3217 961 3301 ipse
983 3215 1129 3280 affirmat.
1175 3213 1283 3294 Magni
1305 3213 1347 3277 sit

253 3319 404 3384 momenti
427 3317 607 3403 explorare,
640 3318 766 3401 quando
789 3325 822 3383 et
842 3339 863 3382 a
884 3339 947 3402 quo
968 3324 1056 3383 certa
1078 3319 1199 3382 ratione
1221 3316 1255 3379 in
1277 3336 1347 3380 ora-

254 3422 373 3486 tionem
401 3424 545 3504 receptae
576 3421 649 3485 sint.
694 3421 908 3501 Quintilianus
936 3422 970 3485 in
998 3418 1270 3505 praestantissimo
1291 3417 1347 3483 illo

254 3528 287 3588 et
308 3529 456 3588 accurato
477 3521 516 3587 de
537 3521 648 3607 figuris
670 3524 738 3588 loco
762 3523 815 3590 lib.
839 3523 894 3588 IX.
923 3525 1025 3609 ipsum
1048 3522 1172 3588 Zoilum
1200 3521 1239 3586 de
1268 3520 1345 3604 figu-

255 3627 299 3691 ris
328 3626 428 3708 egisse
458 3626 548 3690 testis
576 3631 625 3690 est
643 3630 677 3708 1).
722 3626 783 3692 Sed
812 3627 912 3692 multo
941 3633 1016 3691 ante
1046 3625 1085 3690 de
1118 3624 1347 3689 sententiarum

255 3748 351 3811 qnam
378 3727 416 3792 de
447 3728 632 3793 elocutionis
662 3728 772 3812 liguris
799 3728 997 3812 disputatum
1022 3727 1120 3793 inisse
1142 3727 1235 3792 facile
1257 3725 1349 3790 nobis

255 3828 490 3914 persuademus.
536 3831 676 3911 Primus,
716 3830 801 3914 qnod
823 3831 968 3912 sciamus,
991 3829 1124 3913 Gorgias
1144 3830 1264 3914 figuras
1285 3827 1349 3893 elo-

327 4079 347 4146 l)
382 4077 429 4140 IX,
447 4076 467 4143 Ι,
489 4076 530 4128 14.
565 4075 600 4128 cf.
618 4075 830 4129 Phoebammon.
854 4073 938 4127 schol.
963 4073 997 4126 ad
1017 4073 1164 4126 Alexandr.
1184 4072 1284 4126 schem.
1302 4089 1347 4140 ap.

256 4165 381 4237 Spengel.
400 4165 474 4218 Artt.
491 4162 597 4230 scripti.
616 4181 643 4230 p.
664 4166 722 4216 180.
