3002 4788
700 341 742 402 13

172 531 236 590 tem
259 527 330 610 ipsa
350 526 538 603 tractatio,“
560 525 600 589 ad
624 530 772 590 meatum
794 525 892 608 igitur
914 525 1047 607 adaptat
1069 523 1179 590 Cicero
1200 545 1268 589 ven—

172 629 286 693 borum
307 627 576 693 conformationes
599 634 640 707 (v.
656 627 696 690 de
712 632 792 690 orat.
815 625 874 705 111,
897 631 947 705 54,
972 631 1166 706 auc-208.)
1203 627 1267 692 lte-

173 753 234 816 que
257 753 296 795 cx
318 731 368 795 bis
390 751 515 816 quoque
538 751 620 814 quae
642 728 736 794 modo
760 729 961 808 contulimus,
984 730 1147 814 perspicue
1171 751 1267 814 appa-

172 841 240 915 ret,
271 835 459 918 Dionysium
480 839 583 898 totam
604 831 764 917 quandam
786 833 1019 915 compositionis
1040 833 1211 916 imaginem
1233 835 1266 898 in

174 938 281 1002 animo
303 958 362 1002 suo
383 935 605 1015 conlormasse,
630 935 813 1000 Ciceronem
835 953 909 999 vero
924 955 962 998 ea
976 941 1104 998 tantum
1126 934 1266 1018 elegisse,

174 1060 255 1125 quae
276 1033 395 1106 oratori
416 1039 544 1124 publico
566 1035 741 1124 spectanda
761 1057 829 1101 esse
850 1038 1019 1124 censuerit,
1052 1036 1141 1100 illum
1163 1057 1267 1120 gnam-

173 1144 309 1207 maticae
338 1143 418 1208 artis
447 1149 572 1226 partem
602 1139 764 1226 quandam
793 1141 826 1205 in
856 1139 1033 1204 doctrinam
1061 1159 1152 1204 suam
1182 1159 1268 1206 rece·

174 1246 268 1329 pisse,
289 1245 375 1310 hunc
396 1252 499 1310 totam
521 1246 672 1310 omisisse.

259 1348 350 1412 Alius
370 1348 468 1414 etiam
490 1347 706 1431 respiciendus
727 1354 784 1427 est,
807 1353 918 1412 auctor
939 1345 994 1410 ille
1017 1346 1071 1430 qui
1093 1344 1212 1410 dicitur
1226 1347 1268 1411 ad

173 1450 385 1530 Herennium,
424 1471 461 1516 eo
488 1450 590 1534 magis
616 1450 671 1514 ille
693 1450 929 1534 comparatione
958 1449 1088 1532 dignus,
1122 1448 1206 1531 qnod
1228 1469 1268 1514 ex

173 1553 313 1619 lontibus
335 1553 456 1638 graecis
476 1553 554 1637 ipsis
575 1552 691 1617 bausit.
735 1552 767 1616 Is
789 1558 826 1617 ut
847 1552 1082 1636 compositionis
1110 1560 1212 1616 antem
1235 1552 1267 1614 in

173 1661 345 1740 conspectu
366 1663 433 1721 tam
456 1654 595 1720 dilucido
615 1661 715 1738 ponat
735 1675 832 1739 quam
853 1654 1035 1737 Dionysius,
1064 1661 1191 1718 tantum
1213 1654 1268 1718 ab·

174 1766 239 1839 ast,
277 1759 369 1824 utin
392 1758 437 1823 eis
465 1757 540 1822 solis
569 1753 744 1822 similitudo
772 1759 856 1823 inter
883 1764 1054 1841 utrumque
1080 1757 1267 1837 intercedat,

175 1883 257 1946 quae
278 1862 317 1927 de
339 1861 449 1926 ordine
471 1865 504 1924 et
524 1860 701 1924 mutatione
723 1860 904 1941 verborum,
925 1860 1138 1925 membrorum
1162 1866 1199 1923 et·
1215 1879 1268 1943 pe-

174 1966 335 2030 riodorum
364 1963 489 2028 ratione
514 1981 578 2025 non
611 1961 737 2042 habita,
770 1963 984 2049 disputantur.
1033 1963 1153 2027 Earum
1183 1964 1268 2026 enim

173 2089 297 2147 rerum,
330 2087 410 2150 quas
430 2064 463 2128 in
485 2063 660 2127 elocutione
688 2066 845 2144 „maxime
873 2065 1045 2130 admodum
1075 2066 1194 2131 oratori
1217 2086 1268 2130 ac·

173 2170 410 2235 commodatas“
431 2168 532 2232 inesse
554 2167 623 2231 vult
645 2168 712 2250 (IV,
738 2172 785 2247 12,
811 2171 877 2252 17),
901 2168 1086 2250 elegantiae,
1115 2169 1269 2252 composi-

173 2274 278 2352 tionis,
301 2271 476 2355 dignitatis,
498 2269 604 2353 prima
624 2268 679 2334 illa
701 2271 742 2334 ad
763 2269 930 2335 verborum
952 2270 1110 2334 delectum
1132 2271 1268 2335 maxime

173 2377 326 2460 pertinet:
359 2372 548 2456 „Elegantia
570 2379 626 2451 est,
649 2393 731 2456 quae
746 2372 832 2453 facit,
855 2378 891 2436 ut
906 2393 1005 2437 unum
1021 2373 1168 2456 quodque
1189 2393 1268 2457 pure

175 2485 207 2542 et
238 2483 347 2560 aperte
379 2476 441 2540 dici
473 2476 629 2541 videatur.
675 2477 762 2540 Haec
791 2475 993 2541 distribuitur
1019 2477 1052 2539 in
1075 2474 1268 2540 latinitatem

173 2588 207 2645 et
233 2580 501 2664 explanationem.
551 2580 708 2644 Latinitas
737 2584 802 2657 est,
841 2599 924 2662 quae
951 2599 1128 2643 sermonem
1154 2599 1269 2662 purum

173 2689 349 2761 conservat,
371 2682 412 2746 ab
434 2683 520 2747 omni
540 2683 618 2747 vitio
640 2688 806 2748 remotum.
830 2719 870 2730 -—
894 2681 1087 2766 Explanatio
1109 2688 1166 2760 est,
1188 2703 1269 2765 quae

173 2785 280 2851 reddit
309 2791 453 2869 apertam
483 2791 515 2850 et
545 2785 720 2850 dilucidam
747 2785 934 2848 orationem.
989 2785 1037 2848 Ea
1066 2791 1269 2867 comparatur

175 2888 298 2952 duabus
319 2887 427 2966 rebus,
460 2888 587 2952 usitatis
609 2887 712 2953 verbis
734 2894 766 2951 et
787 2887 931 2970 propriis.
977 2883 1104 2952 Usitata
1125 2893 1200 2952 sunt
1221 2909 1269 2969 ca,

174 3011 255 3074 quae
277 2995 446 3056 versantur
466 2991 499 3054 in
522 3011 666 3055 sermone
687 2997 720 3055 et
742 2989 970 3054 consuetudine
993 2988 1168 3070 cotidiana,
1196 3011 1269 3074 pro-
1346 3053 1349 3060 .

172 3094 253 3179 pria,
276 3114 358 3177 quae
380 3092 450 3176 ejus
470 3094 517 3157 rei
538 3093 635 3158 verba
657 3098 734 3158 sunt
756 3097 813 3156 aut
833 3111 901 3156 esse
922 3097 1063 3176 possunt,
1086 3112 1150 3176 qua
1170 3093 1209 3158 de
1224 3093 1269 3158 lo·

174 3197 334 3281 quimur.“
394 3194 455 3260 Sed
489 3216 570 3279 quae
597 3196 636 3261 de
666 3196 753 3259 vitiis
781 3195 936 3258 sermonis
963 3194 1123 3277 disputat,
1163 3195 1205 3259 ad
1235 3195 1268 3260 id

174 3300 336 3383 pertinent
364 3301 448 3382 quod
481 3297 649 3381 Dionysius
671 3297 815 3381 appellat
836 3291 1060 3383 σχηματισμόν
1081 3297 1267 3363 verborum:

175 3401 417 3482 „Barbarismus
431 3408 488 3479 est,
504 3423 576 3466 cum
590 3400 721 3466 verbnm
737 3400 867 3483 aliquod
882 3401 993 3465 vitiose
1008 3397 1147 3465 effertur.
1182 3399 1269 3466 Haec

176 3525 242 3588 qna
261 3505 388 3570 ratione
409 3505 511 3568 vitare
532 3504 703 3587 possimus,
738 3503 772 3567 in
793 3511 862 3566 arte
891 3503 1101 3586 grammatica
1130 3503 1269 3568 dilucide

175 3607 362 3673 discemus.“
406 3607 509 3686 Quam
537 3606 639 3671 altero
666 3605 736 3670 loco
766 3605 874 3689 ponit,
912 3605 1194 3690 compositionum
1224 3607 1270 3671 eis

173 3709 241 3774 iere
264 3709 424 3788 convenit,
452 3730 531 3792 quas
553 3708 723 3792 Dionysius
746 3713 910 3792 nuncupat
931 3702 1073 3795 ἁρμογὴν
1094 3715 1126 3773 et
1146 3729 1269 3791 μετασ-

173 3808 277 3898 κευὴν,
300 3812 333 3876 id
355 3811 438 3896 quod
461 3833 500 3876 ex
522 3812 627 3877 verbis
648 3812 716 3896 ejus
738 3812 944 3895 perspicitur:
980 3811 1194 3896 „Compositio
1220 3819 1269 3876 est

175 3915 344 3980 verborum
372 3914 584 3994 constructi0,
617 3934 699 3998 quae
730 3913 808 3979 facit
836 3933 946 3978 omnes
973 3922 1082 3998 partes
1115 3914 1268 3978 orationis

176 4016 388 4100 aequabiliter
407 4016 591 4101 perpolitae.
636 4017 684 4082 Ea
707 4015 956 4096 conservabitur,
979 4018 1006 4082 si
1028 4017 1185 4101 fugiemus
1204 4037 1268 4081 cre-

176 4119 251 4184 bras
277 4117 434 4183 vocalium
460 4121 700 4200 concursiones,
738 4141 820 4204 quae
850 4125 974 4185 vastam
1002 4127 1098 4203 atque
1126 4119 1269 4192 hiantem

174 4222 353 4290 orationem
374 4221 524 4288 reddunt.
550 4263 589 4274 -
622 4223 665 4288 Et
686 4223 715 4288 si
735 4222 905 4288 vitabimus
926 4223 1068 4306 ejusdem
1089 4221 1200 4287 literae
1222 4224 1269 4286 ni-
