3002 4788
737 289 778 352 34

211 484 269 548 His
290 483 317 547 si
339 481 482 546 addimus
505 480 608 543 locum
630 477 716 542 Orat.
739 480 768 556 ξ.
793 477 868 540 19ὀι
911 476 998 559 „Ego
1020 478 1120 542 sentio
1142 499 1248 542 omnes
1269 479 1303 540 in

156 638 161 646 .
212 585 352 650 oratione
374 603 442 647 esse
468 581 558 663 quasi
586 579 755 662 permixtos
784 584 817 642 et
845 576 992 642 confusos
1014 578 1144 660 pedea,“
1178 580 1217 644 de
1244 599 1304 644 usu

212 687 334 752 numeri
354 685 584 768 praestantiora
605 703 625 746 a
645 681 795 764 Dionysio
817 701 881 744 non
909 680 1062 762 prodiisse
1088 679 1303 764 intellegemus

212 789 252 854 cl.
275 809 344 870 cap.
369 786 423 850 18:
446 780 475 850 εί
496 785 555 866 μέν
577 774 633 848 οὖν
654 779 746 848 ἔσται
768 779 902 863 δύναμις
923 780 959 862 ἐξ
978 777 1133 847 ἁπάντων
1146 786 1210 846 τῶν
1224 797 1304 865 νρα-

211 886 332 955 τίστιυν
352 892 487 972 ῥυθμῶν
508 890 676 952 συνθεῖναι
697 883 755 971 τὴν
778 883 879 966 λέξιν,
910 879 977 965 ἔχοι
1000 878 1039 949 ἂν
1060 880 1136 972 ἡμῖν
1157 878 1227 948 κατ’
1249 878 1304 948 eu'-

210 989 282 1079 χήν·
305 987 335 1056 εἰ
357 985 387 1055 d'
401 985 574 1074 ἀναγκαῖον
589 983 637 1074 εἴη
654 983 781 1070 μίσγειν
795 990 866 1064 τοῖς
885 981 1047 1072 κρείττοσι
1062 985 1137 1065 τοίς
1151 982 1303 1068 χείρονας,

212 1090 257 1172 aig
279 1091 337 1159 έ-ιτὶ
361 1092 493 1158 πολλῶν
521 1087 656 1175 γίνεται,
693 1083 874 1170 οἰκονομεῖν
904 1082 986 1153 αὐτὰ
1010 1087 1069 1176 χρὴ
1097 1087 1303 1174 φιλοτέχνως,

212 1192 268 1261 καί
290 1195 499 1262 διακλέπτειν
517 1199 557 1280 τῇ
577 1189 684 1274 χάριτι
705 1196 763 1278 τῆς
784 1190 969 1268 συνθέσεως
989 1190 1047 1278 τὴν
1067 1185 1222 1276 ἀνάγκην,
1245 1184 1306 1254 ίίλ-

213 1299 278 1376 λως
297 1322 334 1363 τε
355 1295 410 1361 wi
433 1292 556 1383 πολλὴν
577 1292 635 1382 τὴν
648 1287 759 1359 ἄδειαν
781 1290 925 1374 ἔχοντας·
949 1287 1024 1358 ου’δὲ
1045 1291 1104 1377 γὰρ
1125 1288 1306 1360 ἀπελαύνε-

213 1426 268 1466 ται
290 1397 417 1488 ῥυθμὸς
438 1392 543 1475 οὐδεὶς
571 1395 607 1462 ἐκ
628 1400 685 1482 τῆς
712 1389 852 1480 α’μέτρου
881 1394 1009 1476 λέξεως,
1047 1392 1159 1482 ὥσπερ
1187 1391 1222 1460 ἐκ
1249 1399 1308 1481 τῆς

214 1502 383 1585 ἐμμέτρου.
428 1501 488 1566 Sed
510 1523 549 1566 ne
571 1500 615 1564 sio
637 1498 763 1580 quidem
784 1499 893 1581 negari
920 1505 1023 1580 potest
1039 1500 1112 1581 jure
1134 1499 1307 1578 meritoque

214 1630 264 1690 ap.
294 1604 457 1669 Rossbach
486 1609 518 1668 et
546 1601 685 1683 Westph.
708 1601 729 1664 l.
753 1623 778 1664 o.
801 1622 830 1682 p.
856 1602 925 1664 118.
954 1600 1032 1666 haec
1064 1601 1168 1666 valere
1194 1600 1307 1665 verba:

214 1710 388 1789 „Beatissen
415 1707 471 1770 wir
499 1705 557 1769 das
580 1702 675 1768 Werk
704 1703 742 1766 de
771 1703 997 1785 compositione
1022 1704 1187 1769 verborum
1200 1703 1309 1782 nicht,

215 1833 251 1877 so
280 1811 385 1875 wiirde
415 1828 527 1873 unsere
557 1806 728 1870 Kenntniss
765 1804 821 1869 dar
849 1805 977 1870 antiken
1013 1805 1129 1870 Metrik
1161 1805 1308 1888 ungleich

214 1913 446 1994 mangelhafter
468 1911 549 1987 sein3
571 1908 636 1974 dies
658 1909 727 1972 eine
748 1906 838 1971 Buch
860 1907 951 1989 wiegt
971 1907 1005 1972 in
1027 1909 1149 1992 einigen
1164 1907 1306 1990 Capiteln

215 2015 266 2080 die
287 2014 473 2094 Bedeutung
493 2013 579 2076 einer
600 2029 721 2094 ganzen
743 2008 864 2073 Schaar
890 2013 1030 2092 spiterar
1051 2009 1201 2076 Metrikor
1222 2009 1307 2073 auf.“

282 2121 326 2179 Ac
341 2136 435 2198 porro
451 2113 489 2178 de
504 2113 677 2178 variatione
692 2133 773 2194 quae
787 2112 942 2194 praecipit
956 2133 1023 2194 cap.
1038 2115 1097 2186 la,
1113 2113 1227 2195 optime
1238 2113 1306 2191 qui-

216 2219 287 2284 dem
310 2239 379 2282 eum
396 2222 495 2282 artem
511 2216 662 2280 musicam
677 2216 858 2298 cognovisse
868 2213 1015 2296 produnt,
1038 2215 1093 2279 sed
1108 2214 1192 2296 quod
1202 2213 1242 2278 ad
1253 2235 1307 2295 pe-

216 2321 349 2386 destrem
363 2320 538 2384 orationem
549 2318 672 2395 attinet,
686 2317 766 2381 nihil
776 2316 848 2380 noui
860 2322 1018 2394 statuunt3
1033 2337 1107 2381 nam
1116 2337 1178 2399 quo
1188 2335 1309 2382 summa

216 2423 438 2508 disputationis
463 2419 561 2498 redit,
584 2420 613 2484 ei
633 2419 727 2484 licere
756 2439 881 2499 quoquo
902 2417 996 2484 modo
1016 2419 1091 2483 velit
1111 2419 1311 2503 compositio-

217 2546 288 2590 nem
311 2524 443 2601 variare,
464 2521 675 2603 optimamque
697 2520 838 2598 evadere,
860 2522 887 2585 si
901 2520 1052 2604 plurimas
1066 2521 1311 2587 intermissiones

216 2633 248 2692 et
269 2632 446 2691 structurae
466 2624 712 2706 permutationes
732 2623 901 2706 receperit,
937 2624 964 2688 si
993 2623 1149 2705 quaedam
1179 2623 1310 2707 periodo

217 2729 340 2794 inclusa
360 2728 424 2793 alia
438 2733 528 2792 extra
548 2725 712 2809 periodum
733 2724 912 2803 efferantur,
933 2725 997 2791 alia
1018 2725 1166 2809 periodus
1187 2747 1226 2790 ex
1241 2725 1313 2808 plu-

217 2831 304 2896 ribus
326 2829 472 2896 membris
494 2829 556 2894 ahia
585 2849 624 2893 ex
651 2828 851 2911 paucioribus
880 2833 1101 2911 componatur,
1136 2827 1312 2894 membrum

217 2931 306 2997 aliud
335 2931 459 2996 brevius
487 2930 575 2996 aliud
603 2930 726 3014 longius
756 2931 844 2995 aliud
871 2931 1008 2997 velocius
1038 2931 1126 2996 aliud
1153 2930 1314 2996 remissius

219 3034 307 3099 aliud
340 3034 474 3116 denique
506 3034 698 3110 accuratius,
734 3033 857 3098 numeri
893 3039 1056 3115 praeterea
1092 3032 1207 3098 diversi
1239 3033 1313 3109 sint,

219 3136 359 3201 diversae
380 3134 499 3219 figurae
520 3141 552 3201 et
573 3140 736 3200 accentus:
757 3133 791 3199 id
812 3156 832 3200 a
852 3134 1000 3202 Cicerone
1022 3156 1087 3202 non
1107 3136 1211 3200 minus
1232 3134 1314 3199 acri-

218 3245 268 3304 ter
289 3237 480 3320 efflagitatur
490 3242 525 3319 ¹).
568 3238 636 3303 Hoo
658 3242 764 3302 tamen
784 3238 904 3320 primus
922 3238 1081 3323 judicasse
1101 3237 1223 3303 videtur
1236 3237 1315 3302 Dio-

219 3341 343 3425 nysiae,
381 3360 533 3404 summam
562 3341 745 3405 renotatam
774 3341 875 3406 inesse
903 3341 936 3404 in
957 3339 1124 3418 Herodoti,
1161 3340 1314 3418 Platonis,

220 3442 440 3507 Demosthenis
462 3443 596 3524 scriptis.

305 3544 354 3609 nd
376 3545 521 3609 decoram
542 3545 676 3626 denique
698 3545 849 3609 orationis
870 3551 1059 3610 structuram
1082 3545 1167 3628 quod
1189 3545 1313 3622 attinet,

220 3800 266 3867 ris,
284 3800 402 3852 maxime
419 3799 502 3853 heroo
521 3805 569 3852 aut
586 3816 689 3868 paeone
707 3801 797 3868 priore
814 3805 862 3852 aut
882 3800 992 3866 cretico,
1012 3799 1059 3852 sed
1079 3799 1154 3853 varie
1172 3799 1315 3854 distincte

221 3904 274 3956 que
291 3887 442 3941 considat,“
477 3885 515 3939 Cf.
534 3889 576 3954 50,
597 3890 654 3940 193.

294 4012 314 4079 ¹)
351 4010 386 4064 cs.
404 4009 479 4062 Orat.
501 4012 550 4063 135
562 4027 620 4077 sqq.
640 4010 674 4063 de
688 4014 758 4062 orat.
776 4011 823 4078 111,
842 4013 883 4076 48,
905 4013 969 4064 184;
1002 4009 1145 4077 „Liberior
1163 4015 1204 4064 est
1224 4011 1313 4064 oratio

222 4101 251 4151 et
268 4100 357 4166 plane,
375 4103 406 4150 ut
425 4097 533 4162 dicitur,
554 4096 594 4149 sio
612 4101 736 4151 entrare
754 4098 850 4164 soluta,
869 4115 923 4150 oon
942 4103 974 4151 ut
991 4097 1082 4166 fugiat
1099 4103 1190 4151 tamen
1212 4102 1260 4151 aut
1273 4115 1316 4151 er-

221 4188 273 4253 rat,
292 4186 340 4239 sed
358 4191 388 4237 ut
405 4186 461 4238 sive
480 4184 596 4238 vinculis
613 4183 667 4237 sibi
684 4184 744 4252 ipsa
761 4185 943 4240 modereturf‘
