3002 4788
710 305 747 365 11

184 509 252 556 esso
274 488 334 555 hoc
356 509 491 574 quoque,
514 490 641 574 quando
656 511 716 555 usu
731 491 837 556 venire
854 489 992 556 debeant
1012 492 1134 576 periodi
1148 493 1277 577 quando

184 616 248 660 uon
270 592 417 677 debeant,
441 598 589 659 accurata
610 593 782 679 respicere:
806 616 832 658 c.
851 598 879 656 9.
903 615 952 658 ex.
972 599 1006 674 1).

267 695 330 760 Sed
352 694 437 778 quod
458 696 627 780 Dionysius
655 697 796 761 omnium
823 696 877 781 qui
900 703 1140 781 praecesserunt
1161 697 1275 762 doctri·
1319 681 1325 691 ⁴

182 821 242 865 nas
263 798 499 882 compositionis
521 800 669 884 perparvi
690 799 840 864 aestimat
866 803 1053 884 tantumque
1076 820 1129 864 eas
1152 799 1277 865 dicendi

183 923 341 968 summum
363 900 459 968 finem
481 901 656 987 neglexisse
675 903 814 986 judicat,
847 908 1001 987 qnantum
1024 923 1063 967 ex
1084 902 1187 968 verbis
1207 902 1277 985 ejus

184 1026 265 1091 quae
295 1025 392 1088 supra
421 1006 747 1082 commemoravimus,
788 1011 934 1090 apparet,
970 1026 1087 1070 novum
1116 1004 1276 1090 quoddam

183 1108 351 1174 consilium
378 1128 451 1172 eum
479 1107 598 1190 cepisse
622 1107 695 1191 jure
717 1107 926 1172 concluditur.
972 1107 1084 1191 Itaque
1106 1127 1187 1190 quae
1210 1108 1276 1193 ipse

183 1210 425 1293 excogitaverit,
460 1210 568 1274 statim
592 1210 731 1294 exponit.
776 1211 880 1294 Atque
901 1230 999 1274 uuum
1022 1209 1149 1294 quidem
1172 1210 1204 1274 in
1225 1231 1277 1274 ra-

183 1315 270 1378 tione
291 1313 429 1399 positum
451 1318 516 1389 est,
553 1334 634 1397 quae
663 1313 761 1379 verba
782 1311 922 1378 naturali
946 1311 1085 1395 quodam
1107 1313 1217 1377 ordine
1239 1333 1278 1376 ac

183 1416 309 1481 vinculo
324 1416 408 1481 iuter
423 1435 455 1478 se
471 1415 622 1500 conjungi
644 1415 729 1493 velit,
751 1415 900 1481 nimirum
924 1415 983 1478 boc
1004 1415 1107 1493 modo,
1129 1421 1166 1480 ut
1188 1437 1278 1500 prae-

183 1519 300 1584 cedant
321 1518 460 1596 nomina,
485 1526 660 1603 sequantur
681 1519 777 1584 verba
799 1524 831 1582 et
853 1517 1016 1598 adverbia,
1037 1524 1075 1582 ut
1096 1540 1177 1603 quae
1199 1525 1278 1584 tem·

183 1643 259 1708 pore
281 1627 313 1686 et
336 1621 446 1686 ordine
468 1621 577 1706 priora
599 1622 671 1696 sint,
694 1627 946 1707 anteponantur,
968 1620 1167 1687 substantiva
1188 1644 1278 1707 prae·

184 1725 297 1790 cedant
319 1723 494 1808 adjectivis,
517 1722 711 1808 appellativa
732 1724 947 1803 substantivis,
969 1727 1157 1808 pronomina
1171 1726 1278 1810 appel-

184 1828 298 1907 lativis
320 1833 357 1892 ut
377 1826 546 1892 verborum
568 1833 713 1911 tempora
733 1827 916 1910 praesentia
936 1833 1174 1911 praeponantur
1197 1828 1279 1893 deri·

184 1931 273 2010 ratis,
295 1929 380 1995 modi
401 1929 567 1995 indicativi
589 1927 755 1994 infinitivis
777 1934 815 2010 (c.
835 1933 881 2012 5.)
919 1931 966 1994 En
990 1930 1041 1994 hio
1063 1929 1278 1997 videturesse

183 2035 253 2100 fons
276 2039 372 2118 atque
397 2034 500 2118 origo,
523 2032 607 2097 unde
628 2032 662 2097 id
685 2031 770 2116 quod
793 2033 1010 2112 Quintilianus
1032 2033 1087 2113 IX,
1110 2039 1139 2098 4.
1163 2037 1212 2100 24.
1237 2039 1276 2100 25

183 2141 425 2215 commemorat,
460 2141 564 2202 ortum
593 2136 649 2200 sit:
695 2135 776 2215 „Illa
798 2135 898 2200 nimia
918 2137 1116 2219 quorundam
1141 2137 1202 2203 fuit
1225 2139 1279 2205 ob-

183 2241 330 2318 servatio
353 2245 389 2305 ut
404 2238 558 2304 voeabula
573 2239 685 2316 verbis,
707 2238 805 2303 verba
826 2259 936 2304 rursus
959 2238 1126 2318 adverbiis,
1149 2243 1279 2306 uomina

183 2344 338 2430 appositis
367 2347 399 2408 et
426 2341 664 2427 pronominibus
694 2346 799 2406 essent
827 2341 944 2425 priora.
979 2377 1014 2388 -
1061 2342 1127 2408 Nec
1156 2365 1219 2409 non
1246 2351 1279 2410 et

183 2446 263 2512 illud
293 2446 409 2510 nimiae
441 2445 689 2529 superstitionis,
722 2445 769 2510 uti
799 2465 944 2528 quaeque
972 2445 1036 2508 sint
1058 2450 1213 2531 tempore,
1241 2469 1279 2512 aa

182 2549 288 2614 facere
315 2549 409 2612 etiam
440 2547 552 2612 ordine
580 2548 706 2632 priora,
742 2569 805 2613 uon
833 2548 911 2632 quin
937 2547 1121 2631 frequenter
1149 2550 1191 2614 sit
1219 2549 1279 2616 hoc

183 2653 313 2730 meliuS,
350 2651 404 2715 sed
427 2650 503 2735 quia
524 2650 651 2714 iuterim
682 2650 752 2734 plus
780 2650 888 2715 valent
910 2655 985 2714 ante
1007 2656 1111 2733 gesta,
1144 2650 1278 2737 ideoque
1313 2729 1316 2734 ¹

183 2753 353 2820 levioribus
382 2753 626 2838 superponenda
652 2756 757 2816 suut.“
801 2751 859 2816 His
880 2773 968 2836 quae·
986 2752 1202 2832 Quintilianus
1223 2757 1279 2822 ad·

184 2857 247 2922 dit:
279 2855 336 2936 „fit
358 2862 471 2920 contra
492 2875 618 2940 quaqua
641 2854 824 2938 frequenter
845 2876 907 2921 non
931 2855 1113 2934 indecore“,
1142 2879 1181 2924 ea
1202 2861 1278 2944 quin

185 2959 354 3042 Dionysius
381 2958 442 3023 sibi
469 2959 522 3023 vix
543 2959 668 3042 incepto
703 2962 819 3022 conatu
849 2957 1001 3042 objiceret
1032 2949 1102 3023 fieri
1131 2967 1194 3010 ”0¹¹
1223 2967 1279 3030 ΡΟ·

183 3067 340 3159 ῐυτυυηυυ
362 3083 389 3126 c.
410 3067 440 3125 4.
464 3083 512 3126 ex.
536 3061 628 3126 testis
651 3066 712 3126 cst:
740 3053 911 3146 ἁψάμενος
932 3058 969 3126 δέ
989 3084 1085 3126 τινων
1107 3049 1281 3143 θεωρημά-

182 3189 254 3244 των,
278 3160 334 3228 καὶ
355 3158 452 3244 δόξας
472 3158 538 3249 ὁδῷ
560 3187 625 3228 τινι
639 3160 677 3227 τὸ
692 3167 827 3247 πρᾶγμα
846 3167 969 3249 χωρεῖν,
995 3157 1039 3241 ὥς
1059 3159 1187 3246 ἔζααθσν
1208 3154 1279 3226 ἑτέ-

183 3267 266 3355 ρωσέ
289 3289 350 3332 ποι
371 3260 490 3353 ταύτην
512 3259 653 3350 ἄγουσαν
675 3262 732 3348 ἐμὲ
753 3263 811 3352 τὴν
832 3261 918 3347 ὁδόν,
942 3259 1000 3349 οὐχ
1022 3261 1102 3331 ὅπου
1130 3257 1278 3350 προύθέ-

184 3395 247 3458 μην
261 3367 316 3435 καὶ
330 3363 505 3454 αναγκαῖον
527 3359 565 3458 ἢν
580 3367 702 3447 ἐλθεῖν,
727 3361 875 3457 ἀπέστην
890 3369 969 3450 acl,
993 3378 1025 3436 et
1046 3392 1077 3453 p.
1094 3373 1145 3434 38.
1170 3363 1279 3434 πάντα

186 3474 221 3540 δὲ
241 3478 342 3539 ταῦτα
364 3469 610 3538 διασεσαλευκεν
625 3466 644 3558 ἡ
661 3474 769 3557 πεῖρα,
793 3469 848 3538 καὶ
869 3477 927 3538 τσῦ
941 3468 1078 3560 μηδενὸς
1098 3464 1173 3554 ἄξια
1194 3464 1279 3536 ἆσέ-

185 3600 275 3666 φῃνε.
306 3577 451 3642 Alterum
468 3575 620 3661 quiddam
637 3576 697 3640 sibi
711 3577 855 3642 vindicat
869 3599 895 3641 c.
913 3578 967 3642 VI.
984 3579 1026 3643 in.
1044 3597 1075 3660 p.
1087 3579 1142 3640 39:
1159 3575 1281 3638 Δοκεῖ

182 3703 253 3764 μοι
275 3684 332 3766 τῆς
353 3682 548 3765 συνθετικῆς
570 3673 753 3766 ἐπιστήμης
767 3674 841 3766 τρία
856 3674 934 3764 ἔργα
949 3671 1042 3746 εἶναι·
1065 3671 1100 3743 (ἐν
1114 3675 1174 3761 μὲν
1189 3671 1279 3756 ἰδεῖν,

183 3779 218 3850 τί
238 3779 322 3867 μετὰ
343 3779 432 3861 τίνος
453 3777 694 3867 aunonensem
720 3779 847 3869 πέφυκε
873 3777 975 3870 καλὴν
1002 3777 1058 3845 καὶ
1083 3775 1194 3868 ἡδεῖαν
1222 3775 1279 3868 λὴ·

184 3890 316 3973 ψεσθαι
338 3881 496 3971 συζυγίαν·
519 3880 627 3971 ἕτερον
650 3883 699 3964 δὲ,
730 3889 847 3970 γνῶναι
867 3888 932 3949 τῶν
953 3879 1180 3969 ἁρμόττεσθαι
1200 3883 1280 3965 μελ-

255 4121 275 4188 1)
311 4120 350 4175 Cf.
369 4119 456 4174 Blass.
496 4119 547 4173 Die
565 4118 728 4174 Gaschiehto
751 4120 801 4174 der
826 4080 1015 4190 griechischen
1032 4117 1236 4172 Beredsamkeit
1252 4118 1281 4171 in

184 4209 247 4264 dem
264 4207 420 4263 Zeitraume
437 4225 489 4262 von
508 4207 665 4264 Alexander
681 4209 724 4262 bis
742 4207 791 4262 aul
806 4206 955 4277 Augustus.
989 4207 1062 4261 Berl.
1082 4207 1159 4273 1865,
1177 4224 1205 4275 p.
1221 4209 1279 4262 198.
