3002 4788
688 316 724 374 15

154 503 284 582 praeter
307 497 428 562 Atticos
449 497 616 564 inferiores
638 497 710 564 illos
731 520 769 564 ac
791 497 932 564 tumidae
954 500 1122 586 inanisque
1144 502 1256 569 dictio·

156 601 205 664 nis
227 600 398 683 scriptores
420 602 551 685 recepit,
584 621 663 684 quos
685 600 854 684 Dionysius
883 621 980 685 quam
1010 606 1146 670 maxime
1169 627 1255 691 sper-

87 723 90 728 ’
156 703 219 768 nit:
259 702 444 786 Hegesiam,
474 701 687 783 Cleocharem,
710 703 888 787 Myronem,
913 703 1091 789 Daphnide,
1116 708 1255 774 Sosicra·

155 814 232 884 tem,
254 805 344 870 alios.
387 807 432 869 Ac
456 805 482 870 si
505 807 685 870 accuratius
712 812 856 889 tempora
877 805 932 871 illa
954 811 1154 894 respicimus,
1183 811 1255 876 rhe-

155 917 256 974 torem
280 909 403 972 nullum
435 908 586 987 extitisse,
617 909 671 992 qui
703 909 940 992 compositionis
977 919 1080 978 artem
1108 919 1255 980 veterum

157 1013 347 1095 scriptorum
371 1009 523 1094 exemplis
545 1009 737 1076 illust-ratam
765 1013 988 1091 constitueret,
1024 1037 1153 1100 prorsus
1180 1037 1255 1082 con·

157 1121 342 1178 seutanenm
365 1120 421 1178 est.
461 1112 543 1176 Nam
566 1115 672 1179 cuncti
694 1115 741 1178 ita
762 1113 903 1180 diversas
924 1116 1057 1199 ingressi
1080 1125 1156 1184 suut
1179 1119 1255 1198 vies,

154 1223 192 1280 ut
215 1215 269 1280 alii
291 1215 483 1280 rhetoricam
512 1215 726 1281 inventionem
756 1237 851 1299 quam
878 1218 1089 1286 minutissime
1111 1221 1254 1288 elebora-

157 1325 241 1398 rent,
275 1317 329 1382 alii
352 1319 383 1382 in
408 1316 692 1384 declamationibus
715 1319 870 1384 Asianum
898 1320 977 1388 illud
1006 1321 1132 1388 dicendi
1155 1345 1255 1408 genus

157 1427 352 1500 exercerent,
387 1441 425 1485 ex
449 1442 511 1505 qno
534 1428 685 1487 accurata
706 1421 893 1488 elocutionis
922 1423 1070 1490 doctrina
1092 1427 1167 1491 oriri
1190 1449 1253 1492 non

154 1530 288 1608 poterat,
310 1522 364 1587 alii
382 1525 503 1590 Atticos
518 1524 645 1608 quidem
659 1525 871 1606 imitarentur,
895 1527 950 1590 sed
972 1548 1070 1591 unum
1093 1529 1253 1612 quendam

154 1626 267 1690 ceteris
289 1625 440 1710 neglectis
461 1649 557 1711 quam
587 1629 824 1692 accuratissime
846 1629 1075 1712 exprimerent,
1103 1652 1176 1696 rere
1198 1634 1253 1696 At-

152 1730 236 1794 ticae
266 1728 413 1794 dictionis
434 1751 507 1794 eum
528 1729 562 1793 in
584 1730 712 1795 modum
734 1731 780 1794 illi
802 1730 921 1815 ignari,
952 1737 987 1795 ut
1008 1733 1098 1798 ¹vitia
1127 1740 1252 1800 tantum

155 1830 290 1915 exempli
328 1832 386 1898 sibi
415 1833 569 1916 propositi
611 1833 704 1896 nimis
744 1854 821 1917 pree
850 1854 882 1898 se
917 1833 1052 1915 ferrent,
1090 1837 1121 1901 id
1167 1839 1252 1902 enim

157 1933 322 2017 Dionysius
364 1941 397 1999 et
440 1933 569 2012 Cicero,
618 1936 755 2000 maxime
806 1935 853 2000 illi
890 1935 1083 2019 Thucydidis
1124 1945 1157 2002 et
1192 1939 1254 2022 Ly·

155 2038 218 2101 siae
257 2037 434 2102 imitatores
470 2044 603 2121 uterque
640 2039 817 2122 opprimere
854 2045 1004 2120 conatus,
1043 2041 1140 2107 variis
1176 2041 1253 2108 locis

152 2139 293 2205 tradunt.
370 2139 416 2204 De
459 2141 573 2206 Atticis
614 2163 687 2207 vero
729 2143 885 2206 universis
928 2143 981 2226 qui
1023 2164 1086 2208 non
1129 2144 1253 2227 judica-

151 2243 246 2322 bant,
282 2242 321 2306 de
351 2243 529 2308 elocutione
556 2265 611 2308 seu
638 2251 730 2328 parte
758 2244 826 2327 ejns
854 2251 1024 2329 praecepta
1047 2244 1087 2309 ad
1112 2267 1251 2312 summos

156 2354 304 2410 auctores
324 2346 648 2430 perfectissimamque
671 2347 749 2410 artis
774 2346 934 2413 humanae
962 2369 1107 2414 normam
1130 2369 1251 2414 accom-

158 2448 287 2512 modata
309 2447 400 2512 edere
424 2470 483 2513 nou
507 2455 664 2532 poteraut.
703 2449 785 2514 Nam
807 2450 867 2516 boc
890 2451 1017 2534 quidem
1040 2471 1132 2516 nemo
1156 2472 1250 2536 nega·

157 2552 219 2629 bit,
254 2550 394 2633 Dionysii
425 2551 464 2616 de
494 2552 719 2635 compositione
749 2556 923 2620 sententias
951 2556 983 2618 in
1013 2553 1102 2618 nulla
1130 2554 1250 2619 aliare

154 2654 214 2718 niti
238 2655 298 2718 nisi
321 2655 354 2718 in
373 2653 493 2737 judicio
514 2675 553 2718 ex
569 2655 695 2738 optimis
718 2657 922 2740 scriptoribus
944 2657 1055 2735 efficto,
1079 2679 1250 2742 eorumque

154 2758 330 2824 elocutione
353 2765 502 2822 accurate
523 2765 698 2842 perspecta,
721 2760 768 2823 ita
790 2766 827 2824 ut
846 2762 919 2844 jure
941 2759 1117 2843 meritoque
1140 2781 1180 2826 ex
1195 2760 1250 2826 ob·

156 2859 402 2940 servationibus,
437 2881 517 2944 quas
544 2862 576 2925 in
605 2860 676 2927 illos
704 2861 796 2941 fecit,
831 2863 901 2945 ejus
927 2861 1104 2928 doctrinam
1127 2869 1250 2928 exstru-

155 2969 239 3026 ctam
262 2984 329 3029 esse
350 2962 446 3030 dicas.

240 3065 302 3130 Sed
329 3087 368 3130 ue
398 3087 418 3130 a
441 3069 658 3150 grammaticis
688 3066 818 3151 quidem
847 3067 880 3132 in
910 3067 1062 3132 orationis
1089 3073 1250 3133 structura

153 3170 289 3234 multum
320 3168 519 3234 elaboratum
543 3177 626 3251 erat,
663 3191 722 3236 nec
743 3171 782 3236 de
804 3171 927 3235 ratione
949 3177 1006 3234 aut
1028 3170 1249 3253 conjunctione

155 3274 393 3338 enuntiatorum
425 3279 554 3356 praeter
589 3281 755 3358 poetarum
794 3274 1004 3338 elocutionem
1041 3273 1248 3357 disputatum.

155 3374 238 3439 Nam
259 3376 342 3458 quod
365 3396 451 3439 nunc
471 3377 670 3460 grammatici
692 3383 749 3456 est,
771 3376 803 3440 id
820 3376 906 3442 illius
920 3375 1072 3460 temporis
1092 3397 1249 3459 gramma·

155 3477 288 3541 ticorum
303 3499 419 3543 munus
441 3499 505 3544 non
527 3479 632 3559 fuisse,
655 3479 710 3544 sed
730 3500 783 3544 eos
805 3480 837 3543 in
861 3481 1059 3564 scriptorum,
1080 3481 1249 3564 praecipue

154 3584 339 3664 poetarum,
372 3582 635 3665 interpretatione
662 3588 695 3646 et
720 3582 941 3648 emendatione
976 3581 1113 3646 maxime
1142 3583 1249 3647 studia

153 3682 326 3749 collocasse
353 3691 463 3748 notum
490 3690 539 3748 est
565 3685 721 3750 omnibus.
767 3685 834 3749 Hoc
860 3673 958 3767 igitur
986 3687 1019 3749 in
1042 3685 1139 3750 aliam
1162 3685 1248 3752 cadit

155 3793 290 3868 partem,
307 3792 401 3870 atque
417 3809 497 3865 eam,
513 3809 577 3871 qna
587 3787 754 3871 Dionysius
770 3788 963 3872 scriptorum
971 3793 1113 3854 veterum
1125 3809 1247 3854 eorum-

156 3911 215 3971 que
255 3888 463 3972 reliquiarum
507 3879 723 3957 recensionem
764 3892 906 3956 criticam
945 3892 1095 3957 exercuit.
1164 3891 1247 3956 Illud

155 4012 226 4054 cum
272 4013 382 4056 eorum
420 4001 501 4058 esset
542 3994 597 4077 qni
634 3995 760 4079 proprie
804 3994 1004 4078 grammatici
1049 3994 1245 4072 dicebantur,

152 4093 210 4158 alii
231 4093 352 4176 legibus
375 4097 527 4162 sermonis
555 4097 784 4162 constituendis
805 4117 934 4181 oporam
956 4097 1084 4162 dabant
1144 4097 1245 4175 Quam

150 4195 390 4280 bipertitionem
435 4198 650 4276 Quintilianus
686 4200 711 4279 I,
741 4208 770 4278 4,
801 4203 818 4264 2
856 4201 903 4264 ita
939 4201 1105 4284 exprimit:
1138 4199 1246 4280 „Haec
