3002 4788
682 283 717 346 lt

149 487 260 532 sarum
290 465 528 551 disciplinarum
556 472 721 532 conuacta
742 467 869 550 expleta
888 468 1047 552 perpolita
1068 489 1145 534 esse.
1191 471 1244 534 Et-

150 570 234 634 anim
267 566 352 652 quod
373 568 511 652 primum
533 569 639 653 ponit,
673 570 828 653 respicere
856 571 931 654 quid
953 592 1025 636 cum
1046 593 1109 655 quo
1131 593 1244 638 conne-

149 693 228 738 xum
256 671 424 755 pulchram
452 665 552 737 soleat
580 671 700 737 efficere
722 678 755 737 et
772 673 947 757 jucundam
976 677 1244 759 compositionem,
1285 698 1289 706 ·

149 775 195 840 ad
217 774 314 839 verba
336 775 489 838 orationis
510 775 595 839 inter
615 796 648 840 se
670 774 887 858 componenda
908 776 955 840 ita
976 777 1130 843 relatum:
1167 801 1243 842 σκο·

151 881 246 959 πεῖν,
275 880 376 942 ποῖον
402 868 505 958 ’όνομα
525 868 547 964 ἢ
567 881 652 964 ῥῆμα
673 869 694 964 ἢ
714 879 779 942 τῶν
806 870 911 942 ittae
932 902 968 944 τι
988 876 1124 965 μορίων,
1156 877 1245 966 ποίῳ

153 979 335 1061 συνταχθὲν
358 975 551 1066 ἐπιτηδείως
572 975 665 1046 ἔσται
687 976 847 1063 κείμενον,
881 978 937 1046 καὶ
965 985 1038 1059 πῶς
1065 977 1123 1047 οόκ
1150 974 1243 1064 iirece-

151 1107 217 1150 νον·
254 1075 293 1146 ori
323 1078 382 1167 γὰρ
411 1078 450 1169 δὴ
479 1079 588 1146 πάντα
616 1104 651 1168 με
671 1081 753 1166 μετὰ
782 1080 915 1148 πάντων
939 1086 1098 1167 τιθέμενα
1125 1081 1246 1167 ὁμοίως

151 1185 299 1274 πέφυκεν
327 1182 514 1251 διατιθέναι
539 1182 599 1263 τὰς
628 1178 728 1264 όκοός
757 1201 802 1272 (p.
819 1192 870 1252 40.
892 1192 964 1268 41),
996 1187 1147 1253 nimirum
1169 1189 1203 1254 id
1225 1211 1245 1254 a

152 1290 370 1373 grammaticis
395 1297 562 1374 poetarum
588 1290 799 1355 elocutionem
821 1289 1060 1373 exquirentibus
1081 1297 1113 1354 et
1134 1311 1154 1356 a
1175 1311 1244 1356 mu-

152 1394 234 1472 sicis,
257 1392 296 1457 de
312 1391 427 1476 quibus
443 1392 525 1457 infra
540 1391 723 1472 videbimus
746 1393 927 1458 accuratius
948 1392 1148 1458 observatum
1164 1402 1242 1459 erat.

151 1495 212 1561 Sed
236 1495 296 1560 hoc
317 1496 422 1578 ipsum
438 1499 627 1560 vetustatem
649 1495 828 1578 hujusmodi
852 1496 1015 1562 doctrinae
1036 1496 1137 1574 docet,
1160 1497 1244 1579 quod

150 1599 331 1666 contrarius
356 1596 411 1662 ille
437 1605 543 1662 rectae
572 1618 610 1662 ac
638 1599 815 1682 praestanti
843 1597 1011 1664 verborum
1045 1596 1245 1664 collocationi

150 1702 355 1768 soloecismus
384 1706 459 1766 ante
484 1699 670 1783 Dionysium
691 1702 761 1786 J'am
788 1700 908 1766 dudum
934 1705 1064 1765 taxatus
1092 1706 1176 1766 erat:
1215 1723 1243 1766 v.

153 1805 285 1868 Aristot.
313 1802 407 1870 Rhet.
430 1802 495 1882 lll,
518 1808 536 1866 5
566 1798 615 1868 ἔτι
638 1801 674 1868 δὲ
695 1807 787 1869 ποιεῖ
816 1797 1007 1883 σολοικίζειν
1029 1798 1132 1890 τὸμὴ
1155 1796 1243 1866 α’πο-

154 1901 293 1984 όιόόναι,
323 1901 377 1969 ἐὰν
397 1901 442 1992 μὴ
465 1901 670 1994 ἐπιζεομνόῃς
691 1899 814 1994 ἀμφοῖν
836 1897 855 1970 ὃ
875 1901 1045 1992 ἁρμόττει,
1076 1913 1245 1988 postquam

154 2010 299 2094 exposuit
320 2029 420 2092 prava
441 2007 646 2074 collocatione
661 2010 828 2074 verborum
849 2009 1025 2075 orationem
1047 2008 1115 2072 fieri
1137 2008 1246 2075 obscu-

150 2125 236 2194 ram3
273 2133 368 2195 porro
398 2112 490 2176 Auct.
523 2111 565 2176 ad
594 2112 733 2177 Herenn.
757 2113 818 2191 IV,
845 2117 899 2194 12,
925 2117 972 2177 17.
1016 2111 1246 2192 „Soloccismus

150 2224 217 2294 est,
252 2229 324 2280 cum
353 2213 387 2278 in
410 2212 513 2278 verbis
540 2213 684 2297 pluribus
711 2235 905 2298 consequens
932 2215 1063 2278 verbum
1092 2215 1246 2297 superiori

150 2341 216 2385 uon
244 2315 530 2381 accommodatur.“
575 2315 622 2382 De
649 2316 708 2382 hac
736 2317 911 2382 soloecismi
940 2305 1068 2383 notione
1098 2316 1138 2382 cf.
1169 2316 1245 2381 Dio·

152 2443 221 2504 uys.
245 2421 285 2484 de
307 2406 444 2502 Thucyd.
468 2440 495 2482 c.
513 2425 551 2484 37
575 2424 672 2484 τοῦτο
701 2416 738 2484 τὸ
772 2419 954 2485 τελευταῖον
981 2412 1089 2495 εἴτις
1117 2415 1151 2482 ἐν
1177 2422 1247 2495 τοῖς

153 2519 315 2610 σχήμασιν
337 2514 468 2602 ἀξιώσει
489 2519 614 2608 φέρειν,
648 2515 706 2587 oria
729 2514 768 2587 iic
789 2519 916 2611 φθόνοι
942 2519 1070 2600 πάντας
1090 2517 1166 2598 τοὺς
1187 2541 1245 2584 σο-

150 2620 358 2708 λοικισμοὺς,
388 2618 461 2688 ὅσοι
489 2619 651 2709 γίγνονται
679 2622 770 2711 παρὰ
799 2621 875 2702 τοὺς
896 2617 1059 2710 apte-potr
1079 2621 1135 2689 καὶ
1157 2621 1247 2709 παρὰ
1310 2673 1312 2676 -

151 2727 212 2808 τὰς
234 2723 395 2808 πτώσεις,
426 2723 574 2815 σχήματα
595 2727 720 2808 νομόν,-
756 2728 842 2812 apud
863 2749 935 2792 eum
957 2729 1054 2812 igitur
1076 2728 1141 2794 iere
1162 2726 1246 2792 idem

94 2913 97 2920 ἱ
153 2841 203 2898 est
231 2833 287 2916 qui
315 2830 401 2916 apud
422 2832 514 2896 Auct.
545 2833 586 2897 ad
608 2831 746 2897 Herenn.
775 2818 999 2913 barbarismus.
1045 2830 1084 2895 cf.
1116 2829 1245 2909 Quintil.

154 2935 180 3016 1,
202 2941 232 3015 5,
253 2939 303 2999 41.
346 2933 488 3013 Ernesti,
524 2935 662 3000 Lexicon
686 2933 903 3018 technologiae
926 2933 1118 3000 Graecorum
1142 2933 1247 2998 rheto-

151 3039 241 3104 ricae
264 3057 288 3100 s.
312 3057 338 3100 r.
383 3035 481 3103 Porro
504 3058 543 3102 ex
564 3037 691 3122 placitis
713 3038 751 3103 de
774 3039 900 3123 linguae
927 3036 1050 3119 legibus
1072 3036 1248 3121 explicatur

151 3139 362 3207 conformatio
391 3139 559 3205 verborum
584 3145 630 3226 (p.
647 3146 720 3222 41),
754 3141 796 3207 ad
823 3162 919 3225 quam
947 3139 1166 3224 explicandam
1188 3139 1248 3204 hoc

153 3242 373 3330 quaerendum
395 3243 457 3323 ait,
479 3250 587 3310 utrum
602 3263 759 3309 ‘numerus
781 3244 951 3328 singularis
972 3265 1013 3308 an
1034 3240 1176 3327 pluralis,
1198 3263 1249 3306 ca-

154 3363 249 3414 susne
272 3346 353 3413 recti
373 3366 416 3410 an
437 3344 572 3429 obliqui,
601 3353 709 3412 utrum
736 3367 834 3432 genus
861 3345 1069 3413 masculinum
1095 3367 1137 3410 an
1159 3344 1248 3410 femi-

154 3453 267 3515 ninum
289 3471 330 3514 an
353 3456 515 3528 neutrum,
548 3450 582 3513 in
609 3449 712 3515 verbis
740 3456 869 3516 rectane
891 3472 932 3516 an
955 3448 1069 3533 supina
1090 3448 1162 3512 usui
1184 3449 1249 3512 sint

155 3553 379 3633 commodiora,
402 3573 484 3636 quae
500 3558 678 3636 temporum
693 3551 899 3634 differentiae,
915 3552 1041 3635 aliaque
1056 3551 1247 3634 hujusmodi.

155 3657 294 3722 Mutatio
326 3662 435 3720 autem
467 3654 662 3739 singulorum
700 3656 866 3722 verborum
902 3677 942 3722 ex
979 3654 1249 3720 observationibus

154 3779 239 3844 quac
261 3758 295 3822 in
316 3765 440 3823 veteres
462 3757 630 3842 scriptores
651 3757 756 3824 factae
778 3764 879 3838 erant,
900 3757 994 3822 facile
1017 3764 1152 3842 apparet
1173 3776 1249 3841 quo·
1292 3743 1295 3750 ¹

157 3861 251 3926 modo
273 3881 293 3923 a
315 3859 466 3943 Dionysio
488 3861 522 3924 in
545 3862 803 3945 compositionem
824 3861 922 3945 recipi
944 3861 1100 3945 potuerit3
1137 3858 1248 3924 confir-

160 3967 249 4027 mant
271 3969 379 4026 autem
400 3963 499 4046 ipsius
520 3963 616 4029 verba
637 3985 666 4048 p.
683 3969 741 4030 42:
775 3968 871 4028 τοῦτο
894 3959 932 4026 τό
953 3964 1113 4043 στοιχεῖον
1136 3959 1169 4025 ἐν
1191 3959 1249 4043 μὲν

160 4069 315 4152 ποιητικῇ
337 4061 573 4151 όαψιλεστερόν
595 4063 699 4148 ἔστιν,
723 4064 756 4132 ἐν
779 4065 815 4131 δὲ
837 4061 946 4151 λόγοις
966 4063 1080 4145 πεζοῖς
1101 4059 1248 4127 σπανιώ-

157 4189 252 4255 τερον
276 4164 418 4254 γίμνεταί
446 4171 495 4248 τε,
523 4165 577 4233 καὶ
601 4166 634 4234 ἐν
655 4165 798 4250 τούτοις,
829 4161 880 4256 ἐφ’·
906 4163 1033 4232 όπόσον
1059 4158 1098 4229 tls
1120 4163 1246 4250 ἐγχωρῇ.

1026 4291 1043 4342 2
