<?xml version="1.0" encoding="UTF-8"?>
<!DOCTYPE html PUBLIC "-//W3C//DTD XHTML 1.0 Transitional//EN"
    "http://www.w3.org/TR/xhtml1/DTD/xhtml1-transitional.dtd">
<html xmlns="http://www.w3.org/1999/xhtml" xml:lang="en" lang="en">
 <head>
  <title>
</title>
<meta http-equiv="Content-Type" content="text/html;charset=utf-8" />
  <meta name='ocr-system' content='tesseract 3.04.00' />
  <meta name='ocr-capabilities' content='ocr_page ocr_carea ocr_par ocr_line ocrx_word'/>
</head>
<body>
  <div class='ocr_page' id='page_1' title='image "./dedionysiihalic00mestgoog_0008.png"; bbox 0 0 3002 4788; ppageno 0'>
   <div class='ocr_carea' id='block_1_1' title="bbox 194 1448 1297 4304">
    <p class='ocr_par' dir='ltr' id='par_1_1' title="bbox 194 1448 1295 3154">
     <span class='ocr_line' id='line_1_1' title="bbox 281 1448 1292 1532; baseline -0.001 -19"><span class='ocrx_word' id='word_1_1' title='bbox 281 1448 361 1514; x_wconf 84' lang='lat' dir='ltr'><strong>Cum</strong></span> <span class='ocrx_word' id='word_1_2' title='bbox 382 1450 466 1513; x_wconf 91' lang='lat' dir='ltr'><strong>viam</strong></span> <span class='ocrx_word' id='word_1_3' title='bbox 488 1449 751 1531; x_wconf 79' lang='lat' dir='ltr'><strong>investigantibus</strong></span> <span class='ocrx_word' id='word_1_4' title='bbox 774 1471 811 1513; x_wconf 90' lang='lat' dir='ltr'><strong>ao</strong></span> <span class='ocrx_word' id='word_1_5' title='bbox 834 1449 1005 1526; x_wconf 88' lang='lat' dir='ltr'><strong>rationem,</strong></span> <span class='ocrx_word' id='word_1_6' title='bbox 1035 1469 1099 1532; x_wconf 89' lang='lat' dir='ltr'><strong>qna</strong></span> <span class='ocrx_word' id='word_1_7' title='bbox 1121 1449 1192 1531; x_wconf 92' lang='lat' dir='ltr'><strong>quis</strong></span> <span class='ocrx_word' id='word_1_8' title='bbox 1215 1449 1292 1513; x_wconf 91' lang='lat' dir='ltr'><strong>scri·</strong></span> 
     </span>
     <span class='ocr_line' id='line_1_2' title="bbox 195 1549 1293 1634; baseline 0.002 -20"><span class='ocrx_word' id='word_1_9' title='bbox 195 1555 268 1634; x_wconf 90' lang='lat' dir='ltr'><strong>ptor</strong></span> <span class='ocrx_word' id='word_1_10' title='bbox 290 1557 391 1614; x_wconf 88' lang='lat' dir='ltr'><strong>artem</strong></span> <span class='ocrx_word' id='word_1_11' title='bbox 413 1551 574 1634; x_wconf 91' lang='lat' dir='ltr'><strong>quandam</strong></span> <span class='ocrx_word' id='word_1_12' title='bbox 595 1549 759 1615; x_wconf 86' lang='lat' dir='ltr'><strong>liberalem</strong></span> <span class='ocrx_word' id='word_1_13' title='bbox 782 1550 959 1634; x_wconf 74' lang='lat' dir='ltr'><strong>perpolivit,</strong></span> <span class='ocrx_word' id='word_1_14' title='bbox 983 1549 1025 1614; x_wconf 90' lang='lat' dir='ltr'><strong>ad</strong></span> <span class='ocrx_word' id='word_1_15' title='bbox 1046 1549 1162 1616; x_wconf 92' lang='lat' dir='ltr'><strong>multos</strong></span> <span class='ocrx_word' id='word_1_16' title='bbox 1185 1550 1293 1616; x_wconf 90' lang='lat' dir='ltr'><strong>admo·</strong></span> 
     </span>
     <span class='ocr_line' id='line_1_3' title="bbox 196 1651 1295 1738; baseline -0.001 -19"><span class='ocrx_word' id='word_1_17' title='bbox 196 1653 271 1719; x_wconf 90' lang='lat' dir='ltr'><strong>dum</strong></span> <span class='ocrx_word' id='word_1_18' title='bbox 294 1653 397 1718; x_wconf 87' lang='lat' dir='ltr'><strong>fontes</strong></span> <span class='ocrx_word' id='word_1_19' title='bbox 419 1651 664 1738; x_wconf 83' lang='lat' dir='ltr'><strong>disciplinasque</strong></span> <span class='ocrx_word' id='word_1_20' title='bbox 686 1653 867 1719; x_wconf 90' lang='lat' dir='ltr'><strong>adeundum</strong></span> <span class='ocrx_word' id='word_1_21' title='bbox 890 1658 947 1734; x_wconf 90' lang='lat' dir='ltr'><strong>est,</strong></span> <span class='ocrx_word' id='word_1_22' title='bbox 969 1658 1005 1718; x_wconf 90' lang='lat' dir='ltr'><strong>ut</strong></span> <span class='ocrx_word' id='word_1_23' title='bbox 1020 1657 1178 1738; x_wconf 88' lang='lat' dir='ltr'><strong>quatenus</strong></span> <span class='ocrx_word' id='word_1_24' title='bbox 1192 1653 1232 1718; x_wconf 88' lang='lat' dir='ltr'><strong>de</strong></span> <span class='ocrx_word' id='word_1_25' title='bbox 1247 1655 1295 1718; x_wconf 93' lang='lat' dir='ltr'><strong>in·</strong></span> 
     </span>
     <span class='ocr_line' id='line_1_4' title="bbox 196 1755 1292 1840; baseline 0 -19"><span class='ocrx_word' id='word_1_26' title='bbox 196 1755 288 1840; x_wconf 82' lang='lat' dir='ltr'><strong>genio</strong></span> <span class='ocrx_word' id='word_1_27' title='bbox 312 1756 452 1821; x_wconf 90' lang='lat' dir='ltr'><strong>humano</strong></span> <span class='ocrx_word' id='word_1_28' title='bbox 474 1757 633 1836; x_wconf 89' lang='lat' dir='ltr'><strong>meruerit,</strong></span> <span class='ocrx_word' id='word_1_29' title='bbox 657 1757 689 1820; x_wconf 91' lang='lat' dir='ltr'><strong>in</strong></span> <span class='ocrx_word' id='word_1_30' title='bbox 712 1763 882 1838; x_wconf 89' lang='lat' dir='ltr'><strong>conspectu</strong></span> <span class='ocrx_word' id='word_1_31' title='bbox 904 1777 1034 1840; x_wconf 91' lang='lat' dir='ltr'><strong>prorsus</strong></span> <span class='ocrx_word' id='word_1_32' title='bbox 1053 1760 1201 1840; x_wconf 90' lang='lat' dir='ltr'><strong>ponatur,</strong></span> <span class='ocrx_word' id='word_1_33' title='bbox 1224 1763 1292 1822; x_wconf 89' lang='lat' dir='ltr'><strong>tum</strong></span> 
     </span>
     <span class='ocr_line' id='line_1_5' title="bbox 196 1857 1294 1942; baseline 0.001 -20"><span class='ocrx_word' id='word_1_34' title='bbox 196 1859 333 1924; x_wconf 86' lang='lat' dir='ltr'><strong>maxime</strong></span> <span class='ocrx_word' id='word_1_35' title='bbox 355 1859 386 1924; x_wconf 91' lang='lat' dir='ltr'><strong>id</strong></span> <span class='ocrx_word' id='word_1_36' title='bbox 409 1857 529 1940; x_wconf 89' lang='lat' dir='ltr'><strong>valere,</strong></span> <span class='ocrx_word' id='word_1_37' title='bbox 565 1880 637 1923; x_wconf 92' lang='lat' dir='ltr'><strong>eum</strong></span> <span class='ocrx_word' id='word_1_38' title='bbox 659 1859 764 1924; x_wconf 87' lang='lat' dir='ltr'><strong>varias</strong></span> <span class='ocrx_word' id='word_1_39' title='bbox 786 1858 970 1942; x_wconf 87' lang='lat' dir='ltr'><strong>disciplinas</strong></span> <span class='ocrx_word' id='word_1_40' title='bbox 993 1859 1067 1924; x_wconf 91' lang='lat' dir='ltr'><strong>hine</strong></span> <span class='ocrx_word' id='word_1_41' title='bbox 1088 1859 1177 1923; x_wconf 90' lang='lat' dir='ltr'><strong>illinc</strong></span> <span class='ocrx_word' id='word_1_42' title='bbox 1198 1857 1294 1924; x_wconf 85' lang='lat' dir='ltr'><strong>colla-</strong></span> 
     </span>
     <span class='ocr_line' id='line_1_6' title="bbox 196 1961 1294 2045; baseline 0.001 -20"><span class='ocrx_word' id='word_1_43' title='bbox 196 1967 246 2025; x_wconf 90' lang='lat' dir='ltr'><strong>tas</strong></span> <span class='ocrx_word' id='word_1_44' title='bbox 268 1961 302 2025; x_wconf 95' lang='lat' dir='ltr'><strong>in</strong></span> <span class='ocrx_word' id='word_1_45' title='bbox 324 1982 415 2026; x_wconf 91' lang='lat' dir='ltr'><strong>usum</strong></span> <span class='ocrx_word' id='word_1_46' title='bbox 438 1962 497 2026; x_wconf 91' lang='lat' dir='ltr'><strong>sibi</strong></span> <span class='ocrx_word' id='word_1_47' title='bbox 520 1963 727 2042; x_wconf 86' lang='lat' dir='ltr'><strong>converterit,</strong></span> <span class='ocrx_word' id='word_1_48' title='bbox 761 1961 853 2025; x_wconf 87' lang='lat' dir='ltr'><strong>facile</strong></span> <span class='ocrx_word' id='word_1_49' title='bbox 879 1965 978 2045; x_wconf 87' lang='lat' dir='ltr'><strong>patet.</strong></span> <span class='ocrx_word' id='word_1_50' title='bbox 1029 1961 1098 2026; x_wconf 90' lang='lat' dir='ltr'><strong>Hoc</strong></span> <span class='ocrx_word' id='word_1_51' title='bbox 1127 1963 1223 2026; x_wconf 89' lang='lat' dir='ltr'><strong>etiam</strong></span> <span class='ocrx_word' id='word_1_52' title='bbox 1251 1961 1294 2026; x_wconf 89' lang='lat' dir='ltr'><strong>ad</strong></span> 
     </span>
     <span class='ocr_line' id='line_1_7' title="bbox 195 2062 1294 2147; baseline 0.002 -20"><span class='ocrx_word' id='word_1_53' title='bbox 195 2062 338 2147; x_wconf 83' lang='lat' dir='ltr'><strong>Dionysii</strong></span> <span class='ocrx_word' id='word_1_54' title='bbox 360 2064 651 2130; x_wconf 88' lang='lat' dir='ltr'><strong>Halicarnassensis</strong></span> <span class='ocrx_word' id='word_1_55' title='bbox 673 2065 852 2129; x_wconf 78' lang='lat' dir='ltr'><strong>doctrinam</strong></span> <span class='ocrx_word' id='word_1_56' title='bbox 875 2063 913 2127; x_wconf 89' lang='lat' dir='ltr'><strong>de</strong></span> <span class='ocrx_word' id='word_1_57' title='bbox 936 2063 1163 2147; x_wconf 83' lang='lat' dir='ltr'><strong>compositione</strong></span> <span class='ocrx_word' id='word_1_58' title='bbox 1185 2063 1294 2130; x_wconf 89' lang='lat' dir='ltr'><strong>verbo·</strong></span> 
     </span>
     <span class='ocr_line' id='line_1_8' title="bbox 194 2165 1294 2250; baseline 0.001 -20"><span class='ocrx_word' id='word_1_59' title='bbox 194 2187 265 2231; x_wconf 91' lang='lat' dir='ltr'><strong>rum</strong></span> <span class='ocrx_word' id='word_1_60' title='bbox 295 2168 444 2250; x_wconf 87' lang='lat' dir='ltr'><strong>pertinet.</strong></span> <span class='ocrx_word' id='word_1_61' title='bbox 489 2167 526 2231; x_wconf 94' lang='lat' dir='ltr'><strong>In</strong></span> <span class='ocrx_word' id='word_1_62' title='bbox 556 2167 616 2232; x_wconf 91' lang='lat' dir='ltr'><strong>hae</strong></span> <span class='ocrx_word' id='word_1_63' title='bbox 646 2165 912 2231; x_wconf 85' lang='lat' dir='ltr'><strong>commentatione</strong></span> <span class='ocrx_word' id='word_1_64' title='bbox 940 2166 966 2229; x_wconf 89' lang='lat' dir='ltr'><strong>si</strong></span> <span class='ocrx_word' id='word_1_65' title='bbox 995 2166 1128 2249; x_wconf 83' lang='lat' dir='ltr'><strong>vestigia</strong></span> <span class='ocrx_word' id='word_1_66' title='bbox 1150 2167 1294 2250; x_wconf 87' lang='lat' dir='ltr'><strong>Dionysii</strong></span> 
     </span>
     <span class='ocr_line' id='line_1_9' title="bbox 195 2267 1292 2354; baseline 0.001 -21"><span class='ocrx_word' id='word_1_67' title='bbox 195 2270 287 2354; x_wconf 91' lang='lat' dir='ltr'><strong>quasi</strong></span> <span class='ocrx_word' id='word_1_68' title='bbox 320 2271 466 2353; x_wconf 82' lang='lat' dir='ltr'><strong>persequi</strong></span> <span class='ocrx_word' id='word_1_69' title='bbox 496 2268 700 2348; x_wconf 84' lang='lat' dir='ltr'><strong>conabimur,</strong></span> <span class='ocrx_word' id='word_1_70' title='bbox 735 2267 849 2352; x_wconf 88' lang='lat' dir='ltr'><strong>quibus</strong></span> <span class='ocrx_word' id='word_1_71' title='bbox 878 2269 920 2333; x_wconf 93' lang='lat' dir='ltr'><strong>ad</strong></span> <span class='ocrx_word' id='word_1_72' title='bbox 947 2267 1037 2332; x_wconf 87' lang='lat' dir='ltr'><strong>illam</strong></span> <span class='ocrx_word' id='word_1_73' title='bbox 1067 2268 1292 2334; x_wconf 87' lang='lat' dir='ltr'><strong>exstruendam</strong></span> 
     </span>
     <span class='ocr_line' id='line_1_10' title="bbox 196 2369 1294 2454; baseline 0.002 -18"><span class='ocrx_word' id='word_1_74' title='bbox 196 2372 364 2436; x_wconf 87' lang='lat' dir='ltr'><strong>materiam</strong></span> <span class='ocrx_word' id='word_1_75' title='bbox 386 2391 476 2452; x_wconf 80' lang='lat' dir='ltr'><strong>suam</strong></span> <span class='ocrx_word' id='word_1_76' title='bbox 498 2378 534 2435; x_wconf 94' lang='lat' dir='ltr'><strong>ut</strong></span> <span class='ocrx_word' id='word_1_77' title='bbox 555 2371 603 2435; x_wconf 87' lang='lat' dir='ltr'><strong>ita</strong></span> <span class='ocrx_word' id='word_1_78' title='bbox 624 2371 727 2435; x_wconf 92' lang='lat' dir='ltr'><strong>dicam</strong></span> <span class='ocrx_word' id='word_1_79' title='bbox 754 2371 884 2454; x_wconf 88' lang='lat' dir='ltr'><strong>petivit,</strong></span> <span class='ocrx_word' id='word_1_80' title='bbox 919 2392 980 2436; x_wconf 93' lang='lat' dir='ltr'><strong>non</strong></span> <span class='ocrx_word' id='word_1_81' title='bbox 1004 2371 1066 2436; x_wconf 88' lang='lat' dir='ltr'><strong>levi</strong></span> <span class='ocrx_word' id='word_1_82' title='bbox 1088 2369 1147 2454; x_wconf 88' lang='lat' dir='ltr'><strong>hoo</strong></span> <span class='ocrx_word' id='word_1_83' title='bbox 1169 2371 1294 2438; x_wconf 89' lang='lat' dir='ltr'><strong>videtur</strong></span> 
     </span>
     <span class='ocr_line' id='line_1_11' title="bbox 197 2471 1293 2557; baseline 0.002 -19"><span class='ocrx_word' id='word_1_84' title='bbox 197 2494 265 2538; x_wconf 89' lang='lat' dir='ltr'><strong>esse</strong></span> <span class='ocrx_word' id='word_1_85' title='bbox 287 2472 459 2552; x_wconf 88' lang='lat' dir='ltr'><strong>obstaculo,</strong></span> <span class='ocrx_word' id='word_1_86' title='bbox 482 2474 566 2557; x_wconf 88' lang='lat' dir='ltr'><strong>quod</strong></span> <span class='ocrx_word' id='word_1_87' title='bbox 582 2473 695 2552; x_wconf 85' lang='lat' dir='ltr'><strong>fontes,</strong></span> <span class='ocrx_word' id='word_1_88' title='bbox 718 2471 915 2556; x_wconf 89' lang='lat' dir='ltr'><strong>quiquidem</strong></span> <span class='ocrx_word' id='word_1_89' title='bbox 932 2477 1007 2536; x_wconf 91' lang='lat' dir='ltr'><strong>sunt</strong></span> <span class='ocrx_word' id='word_1_90' title='bbox 1021 2474 1110 2556; x_wconf 84' lang='lat' dir='ltr'><strong>gravi</strong></span> <span class='ocrx_word' id='word_1_91' title='bbox 1125 2482 1293 2554; x_wconf 90' lang='lat' dir='ltr'><strong>momento,</strong></span> 
     </span>
     <span class='ocr_line' id='line_1_12' title="bbox 196 2575 1293 2659; baseline 0.002 -18"><span class='ocrx_word' id='word_1_92' title='bbox 196 2598 261 2641; x_wconf 90' lang='lat' dir='ltr'><strong>nou</strong></span> <span class='ocrx_word' id='word_1_93' title='bbox 283 2579 437 2657; x_wconf 89' lang='lat' dir='ltr'><strong>nominat,</strong></span> <span class='ocrx_word' id='word_1_94' title='bbox 459 2597 512 2640; x_wconf 88' lang='lat' dir='ltr'><strong>eos</strong></span> <span class='ocrx_word' id='word_1_95' title='bbox 534 2582 650 2656; x_wconf 90' lang='lat' dir='ltr'><strong>autem,</strong></span> <span class='ocrx_word' id='word_1_96' title='bbox 674 2596 752 2659; x_wconf 91' lang='lat' dir='ltr'><strong>quos</strong></span> <span class='ocrx_word' id='word_1_97' title='bbox 774 2575 909 2658; x_wconf 78' lang='lat' dir='ltr'><strong>profert,</strong></span> <span class='ocrx_word' id='word_1_98' title='bbox 932 2576 1017 2640; x_wconf 87' lang='lat' dir='ltr'><strong>inter</strong></span> <span class='ocrx_word' id='word_1_99' title='bbox 1039 2575 1173 2641; x_wconf 89' lang='lat' dir='ltr'><strong>leviores</strong></span> <span class='ocrx_word' id='word_1_100' title='bbox 1194 2577 1293 2643; x_wconf 91' lang='lat' dir='ltr'><strong>habu·</strong></span> 
     </span>
     <span class='ocr_line' id='line_1_13' title="bbox 196 2677 1294 2763; baseline 0 -19"><span class='ocrx_word' id='word_1_101' title='bbox 196 2681 257 2744; x_wconf 89' lang='lat' dir='ltr'><strong>isse</strong></span> <span class='ocrx_word' id='word_1_102' title='bbox 284 2680 483 2763; x_wconf 84' lang='lat' dir='ltr'><strong>perspicitur.</strong></span> <span class='ocrx_word' id='word_1_103' title='bbox 529 2679 783 2757; x_wconf 81' lang='lat' dir='ltr'><strong>Quamobrem</strong></span> <span class='ocrx_word' id='word_1_104' title='bbox 811 2677 921 2742; x_wconf 87' lang='lat' dir='ltr'><strong>multis</strong></span> <span class='ocrx_word' id='word_1_105' title='bbox 948 2677 982 2742; x_wconf 90' lang='lat' dir='ltr'><strong>in</strong></span> <span class='ocrx_word' id='word_1_106' title='bbox 1004 2679 1098 2743; x_wconf 89' lang='lat' dir='ltr'><strong>rebus</strong></span> <span class='ocrx_word' id='word_1_107' title='bbox 1127 2677 1188 2744; x_wconf 89' lang='lat' dir='ltr'><strong>hoe</strong></span> <span class='ocrx_word' id='word_1_108' title='bbox 1209 2679 1294 2744; x_wconf 87' lang='lat' dir='ltr'><strong>suffi-</strong></span> 
     </span>
     <span class='ocr_line' id='line_1_14' title="bbox 196 2780 1293 2864; baseline 0.002 -17"><span class='ocrx_word' id='word_1_109' title='bbox 196 2803 266 2848; x_wconf 88' lang='lat' dir='ltr'><strong>cere</strong></span> <span class='ocrx_word' id='word_1_110' title='bbox 289 2782 424 2858; x_wconf 83' lang='lat' dir='ltr'><strong>debebit,</strong></span> <span class='ocrx_word' id='word_1_111' title='bbox 446 2789 483 2846; x_wconf 86' lang='lat' dir='ltr'><strong>ut</strong></span> <span class='ocrx_word' id='word_1_112' title='bbox 505 2788 669 2845; x_wconf 89' lang='lat' dir='ltr'><strong>auctorum</strong></span> <span class='ocrx_word' id='word_1_113' title='bbox 694 2781 875 2845; x_wconf 89' lang='lat' dir='ltr'><strong>nominibus</strong></span> <span class='ocrx_word' id='word_1_114' title='bbox 894 2780 1039 2845; x_wconf 88' lang='lat' dir='ltr'><strong>destituti</strong></span> <span class='ocrx_word' id='word_1_115' title='bbox 1053 2782 1087 2846; x_wconf 91' lang='lat' dir='ltr'><strong>id</strong></span> <span class='ocrx_word' id='word_1_116' title='bbox 1103 2783 1293 2864; x_wconf 87' lang='lat' dir='ltr'><strong>evincamus,</strong></span> 
     </span>
     <span class='ocr_line' id='line_1_15' title="bbox 197 2882 1293 2968; baseline 0.004 -20"><span class='ocrx_word' id='word_1_117' title='bbox 197 2885 256 2949; x_wconf 92' lang='lat' dir='ltr'><strong>hoc</strong></span> <span class='ocrx_word' id='word_1_118' title='bbox 283 2884 363 2950; x_wconf 89' lang='lat' dir='ltr'><strong>illud</strong></span> <span class='ocrx_word' id='word_1_119' title='bbox 391 2887 424 2949; x_wconf 89' lang='lat' dir='ltr'><strong>in</strong></span> <span class='ocrx_word' id='word_1_120' title='bbox 453 2886 553 2968; x_wconf 88' lang='lat' dir='ltr'><strong>ipsius</strong></span> <span class='ocrx_word' id='word_1_121' title='bbox 581 2884 697 2949; x_wconf 87' lang='lat' dir='ltr'><strong>aetatis</strong></span> <span class='ocrx_word' id='word_1_122' title='bbox 726 2882 775 2946; x_wconf 92' lang='lat' dir='ltr'><strong>vel</strong></span> <span class='ocrx_word' id='word_1_123' title='bbox 804 2883 1059 2948; x_wconf 85' lang='lat' dir='ltr'><strong>antecedentium</strong></span> <span class='ocrx_word' id='word_1_124' title='bbox 1082 2885 1195 2950; x_wconf 89' lang='lat' dir='ltr'><strong>studiis</strong></span> <span class='ocrx_word' id='word_1_125' title='bbox 1221 2907 1293 2952; x_wconf 88' lang='lat' dir='ltr'><strong>eum</strong></span> 
     </span>
     <span class='ocr_line' id='line_1_16' title="bbox 196 2986 1293 3073; baseline 0.004 -22"><span class='ocrx_word' id='word_1_126' title='bbox 196 2987 352 3051; x_wconf 89' lang='lat' dir='ltr'><strong>invenisse</strong></span> <span class='ocrx_word' id='word_1_127' title='bbox 382 2986 431 3052; x_wconf 87' lang='lat' dir='ltr'><strong>vel</strong></span> <span class='ocrx_word' id='word_1_128' title='bbox 460 2987 535 3070; x_wconf 90' lang='lat' dir='ltr'><strong>quia</strong></span> <span class='ocrx_word' id='word_1_129' title='bbox 561 2987 705 3050; x_wconf 89' lang='lat' dir='ltr'><strong>invenire</strong></span> <span class='ocrx_word' id='word_1_130' title='bbox 733 3006 798 3050; x_wconf 89' lang='lat' dir='ltr'><strong>non</strong></span> <span class='ocrx_word' id='word_1_131' title='bbox 825 2987 982 3069; x_wconf 90' lang='lat' dir='ltr'><strong>potuerit,</strong></span> <span class='ocrx_word' id='word_1_132' title='bbox 1014 2987 1052 3052; x_wconf 89' lang='lat' dir='ltr'><strong>de</strong></span> <span class='ocrx_word' id='word_1_133' title='bbox 1082 3009 1139 3053; x_wconf 91' lang='lat' dir='ltr'><strong>suo</strong></span> <span class='ocrx_word' id='word_1_134' title='bbox 1166 2990 1293 3073; x_wconf 82' lang='lat' dir='ltr'><strong>ingenio</strong></span> 
     </span>
     <span class='ocr_line' id='line_1_17' title="bbox 197 3088 365 3154; baseline -0.012 0"><span class='ocrx_word' id='word_1_135' title='bbox 197 3088 365 3154; x_wconf 85' lang='lat' dir='ltr'><strong>addidisse.</strong></span> 
     </span>
    </p>

    <p class='ocr_par' dir='ltr' id='par_1_2' title="bbox 196 3190 1297 4304">
     <span class='ocr_line' id='line_1_18' title="bbox 280 3190 1293 3277; baseline 0.004 -21"><span class='ocrx_word' id='word_1_136' title='bbox 280 3192 319 3256; x_wconf 94' lang='lat' dir='ltr'><strong>In</strong></span> <span class='ocrx_word' id='word_1_137' title='bbox 342 3193 523 3256; x_wconf 89' lang='lat' dir='ltr'><strong>universum</strong></span> <span class='ocrx_word' id='word_1_138' title='bbox 545 3197 653 3255; x_wconf 91' lang='lat' dir='ltr'><strong>autem</strong></span> <span class='ocrx_word' id='word_1_139' title='bbox 668 3191 707 3256; x_wconf 88' lang='lat' dir='ltr'><strong>de</strong></span> <span class='ocrx_word' id='word_1_140' title='bbox 723 3190 866 3274; x_wconf 88' lang='lat' dir='ltr'><strong>Dionysii</strong></span> <span class='ocrx_word' id='word_1_141' title='bbox 889 3192 1003 3257; x_wconf 87' lang='lat' dir='ltr'><strong>studiis</strong></span> <span class='ocrx_word' id='word_1_142' title='bbox 1016 3193 1049 3256; x_wconf 91' lang='lat' dir='ltr'><strong>in</strong></span> <span class='ocrx_word' id='word_1_143' title='bbox 1067 3195 1293 3277; x_wconf 90' lang='lat' dir='ltr'><strong>compositione</strong></span> 
     </span>
     <span class='ocr_line' id='line_1_19' title="bbox 196 3293 1293 3376; baseline 0.002 -16"><span class='ocrx_word' id='word_1_144' title='bbox 196 3294 358 3360; x_wconf 87' lang='lat' dir='ltr'><strong>collocatis</strong></span> <span class='ocrx_word' id='word_1_145' title='bbox 379 3294 482 3359; x_wconf 90' lang='lat' dir='ltr'><strong>adhuc</strong></span> <span class='ocrx_word' id='word_1_146' title='bbox 504 3293 702 3376; x_wconf 89' lang='lat' dir='ltr'><strong>disputatum</strong></span> <span class='ocrx_word' id='word_1_147' title='bbox 724 3316 787 3358; x_wconf 92' lang='lat' dir='ltr'><strong>non</strong></span> <span class='ocrx_word' id='word_1_148' title='bbox 811 3302 867 3359; x_wconf 89' lang='lat' dir='ltr'><strong>est.</strong></span> <span class='ocrx_word' id='word_1_149' title='bbox 902 3296 989 3374; x_wconf 81' lang='lat' dir='ltr'><strong>Quae</strong></span> <span class='ocrx_word' id='word_1_150' title='bbox 1005 3297 1090 3360; x_wconf 92' lang='lat' dir='ltr'><strong>enim</strong></span> <span class='ocrx_word' id='word_1_151' title='bbox 1106 3297 1139 3361; x_wconf 94' lang='lat' dir='ltr'><strong>in</strong></span> <span class='ocrx_word' id='word_1_152' title='bbox 1155 3297 1293 3363; x_wconf 87' lang='lat' dir='ltr'><strong>editione</strong></span> 
     </span>
     <span class='ocr_line' id='line_1_20' title="bbox 198 3395 1293 3482; baseline 0.002 -19"><span class='ocrx_word' id='word_1_153' title='bbox 198 3397 360 3464; x_wconf 84' lang='lat' dir='ltr'><strong>Schaeferi</strong></span> <span class='ocrx_word' id='word_1_154' title='bbox 382 3404 493 3462; x_wconf 85' lang='lat' dir='ltr'><strong>extant</strong></span> <span class='ocrx_word' id='word_1_155' title='bbox 514 3401 609 3461; x_wconf 88' lang='lat' dir='ltr'><strong>notae</strong></span> <span class='ocrx_word' id='word_1_156' title='bbox 633 3395 794 3480; x_wconf 83' lang='lat' dir='ltr'><strong>Sylburgi,</strong></span> <span class='ocrx_word' id='word_1_157' title='bbox 825 3397 983 3478; x_wconf 91' lang='lat' dir='ltr'><strong>Hudsoni,</strong></span> <span class='ocrx_word' id='word_1_158' title='bbox 1005 3398 1140 3482; x_wconf 92' lang='lat' dir='ltr'><strong>Uptoni,</strong></span> <span class='ocrx_word' id='word_1_159' title='bbox 1162 3399 1293 3482; x_wconf 88' lang='lat' dir='ltr'><strong>Reiskii,</strong></span> 
     </span>
     <span class='ocr_line' id='line_1_21' title="bbox 198 3499 1292 3584; baseline 0.005 -20"><span class='ocrx_word' id='word_1_160' title='bbox 198 3501 306 3583; x_wconf 91' lang='lat' dir='ltr'><strong>ipsius,</strong></span> <span class='ocrx_word' id='word_1_161' title='bbox 327 3501 430 3565; x_wconf 89' lang='lat' dir='ltr'><strong>multa</strong></span> <span class='ocrx_word' id='word_1_162' title='bbox 452 3501 578 3583; x_wconf 91' lang='lat' dir='ltr'><strong>quidem</strong></span> <span class='ocrx_word' id='word_1_163' title='bbox 596 3500 638 3564; x_wconf 91' lang='lat' dir='ltr'><strong>ad</strong></span> <span class='ocrx_word' id='word_1_164' title='bbox 654 3499 796 3583; x_wconf 91' lang='lat' dir='ltr'><strong>Dionysii</strong></span> <span class='ocrx_word' id='word_1_165' title='bbox 816 3500 912 3564; x_wconf 89' lang='lat' dir='ltr'><strong>verba</strong></span> <span class='ocrx_word' id='word_1_166' title='bbox 928 3501 1116 3584; x_wconf 85' lang='lat' dir='ltr'><strong>explicanda</strong></span> <span class='ocrx_word' id='word_1_167' title='bbox 1133 3503 1292 3584; x_wconf 88' lang='lat' dir='ltr'><strong>adferunt,</strong></span> 
     </span>
     <span class='ocr_line' id='line_1_22' title="bbox 198 3602 1293 3690; baseline 0.003 -22"><span class='ocrx_word' id='word_1_168' title='bbox 198 3602 254 3668; x_wconf 88' lang='lat' dir='ltr'><strong>sed</strong></span> <span class='ocrx_word' id='word_1_169' title='bbox 276 3624 357 3686; x_wconf 88' lang='lat' dir='ltr'><strong>quae</strong></span> <span class='ocrx_word' id='word_1_170' title='bbox 378 3605 462 3667; x_wconf 87' lang='lat' dir='ltr'><strong>inter</strong></span> <span class='ocrx_word' id='word_1_171' title='bbox 483 3624 555 3668; x_wconf 89' lang='lat' dir='ltr'><strong>eum</strong></span> <span class='ocrx_word' id='word_1_172' title='bbox 578 3603 719 3686; x_wconf 88' lang='lat' dir='ltr'><strong>aliosque</strong></span> <span class='ocrx_word' id='word_1_173' title='bbox 749 3602 892 3666; x_wconf 87' lang='lat' dir='ltr'><strong>rhetores</strong></span> <span class='ocrx_word' id='word_1_174' title='bbox 914 3605 996 3668; x_wconf 90' lang='lat' dir='ltr'><strong>ratio</strong></span> <span class='ocrx_word' id='word_1_175' title='bbox 1018 3604 1209 3684; x_wconf 85' lang='lat' dir='ltr'><strong>intercedat,</strong></span> <span class='ocrx_word' id='word_1_176' title='bbox 1239 3627 1293 3690; x_wconf 90' lang='lat' dir='ltr'><strong>pa·</strong></span> 
     </span>
     <span class='ocr_line' id='line_1_23' title="bbox 197 3704 1294 3790; baseline 0.004 -20"><span class='ocrx_word' id='word_1_177' title='bbox 197 3726 268 3770; x_wconf 91' lang='lat' dir='ltr'><strong>rum</strong></span> <span class='ocrx_word' id='word_1_178' title='bbox 291 3704 520 3770; x_wconf 86' lang='lat' dir='ltr'><strong>demonstrant.</strong></span> <span class='ocrx_word' id='word_1_179' title='bbox 566 3705 703 3788; x_wconf 85' lang='lat' dir='ltr'><strong>Egregia</strong></span> <span class='ocrx_word' id='word_1_180' title='bbox 723 3725 797 3770; x_wconf 89' lang='lat' dir='ltr'><strong>vero</strong></span> <span class='ocrx_word' id='word_1_181' title='bbox 820 3705 975 3790; x_wconf 89' lang='lat' dir='ltr'><strong>quaedam</strong></span> <span class='ocrx_word' id='word_1_182' title='bbox 998 3705 1165 3772; x_wconf 90' lang='lat' dir='ltr'><strong>conferunt</strong></span> <span class='ocrx_word' id='word_1_183' title='bbox 1187 3708 1222 3772; x_wconf 86' lang='lat' dir='ltr'><strong>ei·</strong></span> <span class='ocrx_word' id='word_1_184' title='bbox 1239 3709 1294 3774; x_wconf 81' lang='lat' dir='ltr'><strong>bo</strong></span> 
     </span>
     <span class='ocr_line' id='line_1_24' title="bbox 197 3807 1294 3892; baseline 0.004 -20"><span class='ocrx_word' id='word_1_185' title='bbox 197 3809 299 3873; x_wconf 88' lang='lat' dir='ltr'><strong>mines</strong></span> <span class='ocrx_word' id='word_1_186' title='bbox 322 3807 420 3888; x_wconf 91' lang='lat' dir='ltr'><strong>docti,</strong></span> <span class='ocrx_word' id='word_1_187' title='bbox 458 3809 512 3892; x_wconf 91' lang='lat' dir='ltr'><strong>qui</strong></span> <span class='ocrx_word' id='word_1_188' title='bbox 534 3814 636 3872; x_wconf 89' lang='lat' dir='ltr'><strong>artem</strong></span> <span class='ocrx_word' id='word_1_189' title='bbox 659 3808 812 3871; x_wconf 88' lang='lat' dir='ltr'><strong>musicam</strong></span> <span class='ocrx_word' id='word_1_190' title='bbox 837 3807 1029 3874; x_wconf 87' lang='lat' dir='ltr'><strong>Graecorum</strong></span> <span class='ocrx_word' id='word_1_191' title='bbox 1057 3816 1233 3876; x_wconf 84' lang='lat' dir='ltr'><strong>tractantes</strong></span> <span class='ocrx_word' id='word_1_192' title='bbox 1255 3812 1294 3876; x_wconf 89' lang='lat' dir='ltr'><strong>de</strong></span> 
     </span>
     <span class='ocr_line' id='line_1_25' title="bbox 198 3909 1296 3994; baseline 0.004 -19"><span class='ocrx_word' id='word_1_193' title='bbox 198 3909 341 3994; x_wconf 88' lang='lat' dir='ltr'><strong>Dionysii</strong></span> <span class='ocrx_word' id='word_1_194' title='bbox 369 3932 493 3994; x_wconf 88' lang='lat' dir='ltr'><strong>quoque</strong></span> <span class='ocrx_word' id='word_1_195' title='bbox 522 3913 689 3975; x_wconf 87' lang='lat' dir='ltr'><strong>sententiis</strong></span> <span class='ocrx_word' id='word_1_196' title='bbox 717 3910 875 3975; x_wconf 90' lang='lat' dir='ltr'><strong>derebus</strong></span> <span class='ocrx_word' id='word_1_197' title='bbox 903 3913 1030 3977; x_wconf 89' lang='lat' dir='ltr'><strong>musicis</strong></span> <span class='ocrx_word' id='word_1_198' title='bbox 1057 3911 1218 3978; x_wconf 88' lang='lat' dir='ltr'><strong>nonnullis</strong></span> <span class='ocrx_word' id='word_1_199' title='bbox 1248 3914 1296 3979; x_wconf 91' lang='lat' dir='ltr'><strong>di·</strong></span> 
     </span>
     <span class='ocr_line' id='line_1_26' title="bbox 198 4011 1294 4098; baseline 0.003 -20"><span class='ocrx_word' id='word_1_200' title='bbox 198 4020 360 4097; x_wconf 84' lang='lat' dir='ltr'><strong>seeptant,</strong></span> <span class='ocrx_word' id='word_1_201' title='bbox 398 4013 559 4078; x_wconf 88' lang='lat' dir='ltr'><strong>Rossbach</strong></span> <span class='ocrx_word' id='word_1_202' title='bbox 589 4019 621 4076; x_wconf 91' lang='lat' dir='ltr'><strong>et</strong></span> <span class='ocrx_word' id='word_1_203' title='bbox 650 4011 815 4096; x_wconf 89' lang='lat' dir='ltr'><strong>Wcstphal</strong></span> <span class='ocrx_word' id='word_1_204' title='bbox 841 4013 874 4077; x_wconf 92' lang='lat' dir='ltr'><strong>in</strong></span> <span class='ocrx_word' id='word_1_205' title='bbox 910 4037 1004 4098; x_wconf 88' lang='lat' dir='ltr'><strong>opere</strong></span> <span class='ocrx_word' id='word_1_206' title='bbox 1034 4016 1072 4080; x_wconf 89' lang='lat' dir='ltr'><strong>de</strong></span> <span class='ocrx_word' id='word_1_207' title='bbox 1102 4013 1294 4082; x_wconf 85' lang='lat' dir='ltr'><strong>Graecorum</strong></span> 
     </span>
     <span class='ocr_line' id='line_1_27' title="bbox 199 4115 1295 4202; baseline 0.004 -22"><span class='ocrx_word' id='word_1_208' title='bbox 199 4123 269 4181; x_wconf 86' lang='lat' dir='ltr'><strong>arte</strong></span> <span class='ocrx_word' id='word_1_209' title='bbox 292 4117 438 4196; x_wconf 87' lang='lat' dir='ltr'><strong>metrica,</strong></span> <span class='ocrx_word' id='word_1_210' title='bbox 467 4116 634 4200; x_wconf 83' lang='lat' dir='ltr'><strong>Wcstphal</strong></span> <span class='ocrx_word' id='word_1_211' title='bbox 657 4117 690 4180; x_wconf 93' lang='lat' dir='ltr'><strong>in</strong></span> <span class='ocrx_word' id='word_1_212' title='bbox 712 4115 738 4180; x_wconf 89' lang='lat' dir='ltr'><strong>F</strong></span> <span class='ocrx_word' id='word_1_213' title='bbox 740 4118 914 4198; x_wconf 83' lang='lat' dir='ltr'><strong>regmentis</strong></span> <span class='ocrx_word' id='word_1_214' title='bbox 935 4117 1185 4201; x_wconf 83' lang='lat' dir='ltr'><strong>rhythmicorum</strong></span> <span class='ocrx_word' id='word_1_215' title='bbox 1207 4139 1295 4202; x_wconf 81' lang='lat' dir='ltr'><strong>grae-</strong></span> 
     </span>
     <span class='ocr_line' id='line_1_28' title="bbox 198 4217 1297 4304; baseline 0.005 -21"><span class='ocrx_word' id='word_1_216' title='bbox 198 4240 316 4285; x_wconf 89' lang='lat' dir='ltr'><strong>corum.</strong></span> <span class='ocrx_word' id='word_1_217' title='bbox 349 4219 387 4284; x_wconf 92' lang='lat' dir='ltr'><strong>ln</strong></span> <span class='ocrx_word' id='word_1_218' title='bbox 410 4219 500 4282; x_wconf 90' lang='lat' dir='ltr'><strong>libris</strong></span> <span class='ocrx_word' id='word_1_219' title='bbox 521 4239 594 4283; x_wconf 84' lang='lat' dir='ltr'><strong>vere</strong></span> <span class='ocrx_word' id='word_1_220' title='bbox 618 4221 672 4301; x_wconf 92' lang='lat' dir='ltr'><strong>qui</strong></span> <span class='ocrx_word' id='word_1_221' title='bbox 696 4218 735 4283; x_wconf 89' lang='lat' dir='ltr'><strong>de</strong></span> <span class='ocrx_word' id='word_1_222' title='bbox 758 4217 891 4284; x_wconf 84' lang='lat' dir='ltr'><strong>historia</strong></span> <span class='ocrx_word' id='word_1_223' title='bbox 913 4219 1078 4285; x_wconf 86' lang='lat' dir='ltr'><strong>literarum</strong></span> <span class='ocrx_word' id='word_1_224' title='bbox 1100 4241 1297 4304; x_wconf 83' lang='lat' dir='ltr'><strong>graecarum,</strong></span> 
     </span>
    </p>
   </div>
   <div class='ocr_carea' id='block_1_2' title="bbox 1037 4341 1067 4394">
    <p class='ocr_par' dir='ltr' id='par_1_3' title="bbox 1037 4341 1067 4394">
     <span class='ocr_line' id='line_1_29' title="bbox 1037 4341 1067 4394; baseline 0 -20"><span class='ocrx_word' id='word_1_225' title='bbox 1037 4341 1067 4394; x_wconf 67' lang='lat'><strong>1*</strong></span> 
     </span>
    </p>
   </div>
   <div class='ocr_carea' id='block_1_3' title="bbox 0 0 1511 4788">
    <p class='ocr_par' dir='ltr' id='par_1_4' title="bbox 0 0 1511 4788">
     <span class='ocr_line' id='line_1_30' title="bbox 0 0 1511 4788; baseline 0 0"><span class='ocrx_word' id='word_1_226' title='bbox 0 0 1511 4788; x_wconf 95' lang='lat' dir='ltr'><strong> </strong></span> 
     </span>
    </p>
   </div>
  </div>
 </body>
</html>
