3002 4788
620 259 625 270 ·
707 247 791 334 ‚rof

189 436 324 502 cutionis
344 435 469 502 induxit
486 435 522 520 ¹).
566 433 695 499 Omissis
716 434 860 526 omnibus
879 434 948 499 'illis
969 433 1008 500 de
1028 433 1137 516 figuris
1158 432 1283 516 scriptis

188 538 249 604 hoo
270 561 368 604 unum
390 537 505 602 addere
526 535 617 614 libet,
649 535 878 614 Quintilianum
908 536 962 616 IX,
983 536 1012 616 3,
1035 536 1064 600 2.
1088 533 1151 600 δυο
1179 535 1284 600 οΙοοα-

188 642 284 706 tionis
306 641 478 726 figurarum
500 660 615 722 genera
637 645 782 718 statuere,
804 641 938 706 alterum
961 637 1108 721 loquendi
1129 639 1283 704 rationem

188 745 304 823 vocari,
325 745 461 810 alterum
482 743 617 810 maxime
639 742 845 808 collocatione
867 742 1056 824 exquisitum
1077 762 1143 809 esse
1165 748 1283 808 testan-

187 853 268 912 tem:
304 846 384 913 illud
414 847 666 930 grammaticum,
704 845 764 911 hoc
795 845 987 911 rhetoricum
1016 845 1136 911 mavult
1169 845 1282 911 dicere.

191 950 282 1014 Prius
302 950 383 1015 illud
404 950 589 1034 aDionysio
611 948 803 1014 considerari
819 954 960 1032 apparet.
1003 948 1157 1014 Acourate
1178 955 1283 1013 autem

189 1073 296 1118 omnes
316 1051 435 1136 figurae
464 1053 549 1136 apud
570 1073 641 1118 eum
670 1051 814 1117 notiones
840 1051 1015 1116 describere
1044 1071 1081 1116 eo
1102 1052 1202 1134 magis
1223 1051 1283 1116 hoc

188 1154 257 1220 loco
280 1155 525 1238 supersedemus
548 1155 633 1238 quod
648 1154 882 1238 diligentissime
897 1173 950 1218 cos
972 1152 1097 1238 collegit
1111 1154 1285 1220 Weisman-

188 1279 248 1324 nus
269 1259 302 1322 in
324 1259 542 1325 dissertatione
564 1256 603 1322 de
623 1256 766 1342 Dionysii
786 1257 887 1324 Halic.
910 1256 975 1322 vita
997 1262 1028 1320 et
1051 1257 1184 1340 scriptis,
1206 1257 1283 1321 Rin-

188 1360 254 1426 tclii
278 1359 369 1426 1841.
399 1384 429 1444 p.
453 1361 504 1426 37.
546 1360 637 1426 Nunc
666 1360 705 1426 de
733 1359 945 1426 membrorum
973 1365 1086 1424 ornatu
1117 1358 1283 1424 (licendum

188 1469 249 1542 est3
272 1464 310 1530 de
333 1484 395 1547 quo
416 1463 585 1546 Dionysius
607 1484 633 1528 c.
649 1461 680 1528 9.
704 1463 746 1526 in.
769 1464 847 1530 haec
866 1463 1004 1547 judicat:
1027 1457 1080 1528 ὅτι
1100 1457 1157 1525 καί
1177 1485 1280 1543 μετα-

188 1564 305 1644 σκευὰς
326 1565 452 1650 δέχεοαι
473 1568 538 1630 τῶν
558 1559 670 1630 κώλων
692 1560 777 1647 ἔνια,
800 1564 876 1630 rore*
897 1567 957 1648 μὲν
979 1559 1175 1651 προσθήκας
1196 1565 1280 1648 λαμ-

188 1663 338 1752 βάνοντα,
362 1663 421 1734 οδκ
442 1661 631 1753 ἀναγκαίας,
665 1663 710 1746 ὡς
731 1665 814 1755 πρὸς
835 1665 891 1734 υδν
913 1672 1000 1749 νοῦν,
1034 1664 1110 1732 τοτὲ
1132 1660 1160 1732 δ
1182 1659 1283 1754 δαναι-

188 1768 294 1856 ρέσεις
321 1767 420 1859 ἀτελῆ
450 1767 612 1848 ποιούσας
640 1767 698 1858 τὴν
720 1768 882 1837 διάνοιαν·
921 1762 960 1849 dg
982 1765 1040 1834 οδκ
1069 1761 1168 1834 δίλλου
1195 1767 1284 1847 σινδς

189 1869 281 1938 ἕνεκα
304 1879 439 1940 ποιοῦσι
461 1870 598 1961 ποιηταί
619 1886 654 1940 σε
676 1871 731 1938 καί
752 1877 959 1961 συγγραφεῖς,
998 1866 1096 1961 ἢσῆς
1117 1867 1282 1958 ἁρμονίας,

189 1968 229 2038 ἵν’
250 1971 343 2064 ἡδεῖα
364 1975 419 2042 καί
440 1973 521 2064 καλὴ
544 1976 683 2062 γένοιτο·
713 1972 799 2041 πάνυ
823 1970 932 2061 ὀλίγου
954 1976 1021 2041 δεῖν
1044 1969 1156 2059 οἴομαι
1177 1973 1282 2062 λόγου.

189 2078 296 2149 Simile
324 2101 398 2146 vcro
424 2080 579 2164 judicium
605 2087 679 2145 ante
708 2101 779 2144 eum
806 2079 907 2144 fertur
934 2079 1092 2163 (Aristot.)
1115 2079 1206 2144 Rhet.
1228 2077 1284 2157 III,

189 2183 229 2260 9.,
250 2183 305 2247 ubi
326 2183 366 2247 de
387 2181 588 2266 periodorum
609 2181 731 2247 duobus
753 2181 934 2264 generibus,
968 2201 1004 2246 eo
1027 2179 1112 2274 quod
1133 2181 1283 2246 membris

189 2289 314 2348 constat
336 2291 368 2348 et
388 2305 425 2349 eo
440 2284 525 2366 quod
540 2304 603 2348 uno
623 2290 732 2349 tenore
747 2282 884 2364 effertur,
907 2303 1047 2348 sermone
1068 2283 1222 2362 instituto,
1247 2285 1285 2349 de

190 2371 410 2451 membrorum
423 2393 454 2452 et
484 2386 683 2470 periodorum
712 2387 813 2469 spatio
843 2387 921 2452 haec
947 2385 1197 2470 praecipiuntur:
1235 2385 1285 2451 δεῖ

189 2485 225 2552 δὲ
246 2484 302 2552 καί
323 2484 364 2552 τὰ
386 2489 474 2554 κῶλα
488 2485 544 2556 καί
558 2486 618 2568 τὰς
632 2485 803 2573 περιόδους
823 2486 905 2576 μήτε
922 2485 1079 2575 μυούρους
1099 2479 1182 2554 εἶναι
1204 2485 1285 2576 μήτε

188 2585 328 2676 μακράς·
364 2589 402 2657 τὸ
431 2594 490 2676 μὲν
518 2588 578 2678 γὰρ
606 2588 721 2676 μικρὸν
750 2587 971 2679 προσπταίειν
1001 2586 1162 2668 πολλάκις
1192 2595 1285 2656 ποιεῖ

187 2690 244 2758 τὸν
265 2689 425 2782 ἀκροατήν
448 2733 487 2744 -
524 2693 566 2760 τὰ
587 2693 623 2760 δὲ
644 2691 751 2780 μακρὰ
779 2689 1031 2760 ἀπολείπεσθαι
1059 2697 1212 2760 ποιεῖ-
1249 2689 1287 2760 αἳ

188 2819 224 2861 τε
253 2791 325 2861 λίαν
353 2795 555 2884 βραχίκιολοι
586 2792 624 2863 ου’
656 2794 810 2884 περίοδος
837 2792 979 2882 γίνεταιε
1016 2797 1056 2862 cf.
1081 2798 1217 2863 Demetr.
1245 2799 1284 2863 de

189 2899 300 2964 elocut.
326 2901 374 2966 10.
403 2897 474 2968 ἔστι
500 2896 655 2986 περίοδος
690 2896 839 2987 σύσσημα
867 2896 902 2964 ἐκ
928 2893 1039 2964 κώλων
1068 2892 1284 2987 ἢκομμοίτων

189 2995 474 3090 εδκαυασυρόφων,
504 3006 544 3070 de
565 3006 655 3088 cujus
676 3003 813 3070 auctoris
835 3008 939 3069 aetate
959 3023 1151 3086 quamquam
1171 3025 1284 3087 parum

188 3111 328 3186 constat,
364 3111 470 3172 tamen
491 3127 572 3190 quae
592 3113 669 3172 nota
697 3113 770 3171 sunt
797 3107 919 3190 repetit.
961 3105 1148 3191 Dionysium
1177 3113 1282 3172 autern

188 3210 279 3275 illum
300 3209 386 3294 apud
407 3209 606 3274 Aristotelem
626 3208 731 3273 locum
751 3216 876 3294 praeter
897 3209 975 3274 alios
997 3210 1172 3292 respexisse
1191 3209 1284 3274 facile

188 3311 246 3377 tibi
268 3311 486 3396 persuadebis,
509 3312 535 3376 si
556 3312 764 3396 reputaveris,
794 3311 971 3377 Aristotelis
992 3311 1090 3377 libros
1110 3311 1284 3377 rhetoricos

189 3437 261 3480 cum
281 3436 405 3494 omnes,
426 3421 495 3479 tum
516 3412 631 3480 librum
653 3415 781 3480 tertium
802 3415 947 3480 manibus
970 3436 1041 3479 eum
1062 3415 1195 3480 multum
1217 3437 1285 3482 ver-

188 3538 273 3582 sasse
290 3519 329 3603 2),
373 3516 504 3584 Constat
524 3518 629 3600 igitur,
652 3517 742 3582 illum
762 3508 854 3582 Rhet.
878 3518 933 3583 lib.
956 3517 1016 3595 Ill,
1044 3537 1224 3602 quanquam
1245 3519 1284 3584 de

188 3620 362 3686 Aristotele
390 3627 519 3688 auctore
541 3620 697 3704 Sauppius
718 3626 801 3688 recte
829 3620 969 3699 dubitat,
1005 3624 1079 3686 ante
1099 3620 1284 3706 Dionysium

259 3811 280 3882 ¹)
317 3810 352 3864 of.
370 3810 498 3879 Philostr.
516 3811 585 3866 Vitt.
603 3810 723 3880 Sophist.
740 3813 761 3881 Ι,
780 3815 805 3868 9.
840 3811 904 3866 Frei
928 3812 957 3864 in
974 3811 1044 3865 Mus.
1062 3808 1185 3866 Rhenan.
1205 3811 1239 3866 N.
1256 3812 1282 3866 S.

188 3901 248 3969 vll,
267 3902 327 3955 542.
362 3899 416 3954 Cic.
435 3899 510 3953 Orat.
529 3899 553 3970 ξ.
573 3900 631 3953 175.
665 3899 777 3968 Dionys.
796 3900 830 3952 de
848 3897 988 3952 Demosth.
1007 3916 1030 3953 o.
1049 3900 1074 3952 5,
1093 3916 1134 3953 ex.

259 3988 281 4056 2)
318 3987 352 4042 cf.
370 3987 404 4041 de
422 4005 540 4057 compos.
558 3988 653 4042 verbb.
671 4006 695 4042 c.
715 3989 757 4042 25.
775 4005 802 4055 p.
822 3989 885 4056 197,
916 3987 995 4057 epist.
1013 3986 1035 4039 Ι.
1053 3987 1089 4040 ad
1106 3989 1208 4056 Amin,
1235 3985 1283 4040 ubi

188 4093 247 4146 cap.
260 4079 284 4130 8.
299 4076 391 4130 omnic
408 4076 492 4128 verba
505 4093 539 4130 ex
551 4077 665 4130 Aristot.
678 4076 760 4130 Rhet.
772 4075 820 4145 ΙΙΙ,
840 4079 881 4129 10.
899 4074 963 4129 inde
976 4092 991 4128 a
1009 4077 1063 4126 τῶν
1080 4091 1108 4125 τε
1118 4078 1282 4146 μεταφορῶν

187 4165 325 4234 usquead
343 4167 493 4235 πειρᾶσθαι
510 4160 620 4216 διδόναι
638 4163 790 4232 exscripsit.

1021 4267 1054 4322 2*
