3002 4788
742 219 785 283 30

222 430 289 475 esse
310 409 464 488 statuerit,
485 381 546 474 sed
560 407 683 473 metrici
704 428 774 472 eum
795 426 852 489 pro
867 425 930 470 uno
952 407 1030 489 pede
1051 393 1234 488 posuerint,
1265 405 1314 470 lta

221 513 339 597 posteri
367 532 507 594 quoque,
543 516 579 575 ut
607 509 756 575 Aristides
788 509 1014 587 Quintilianus,
1050 529 1157 574 vocem
1187 503 1314 595 ῥυθμίς

221 617 314 682 modo
341 635 399 699 pro
429 613 577 696 rhythmo
598 613 832 692 Aristoxeuico,
867 612 960 676 modo
988 633 1046 694 pro
1072 612 1151 696 pede
1173 611 1314 689 metrico,

221 725 401 802 posuerunt.
444 716 594 799 Dionysio
621 736 700 798 quae
722 714 803 779 ratio
825 735 897 779 cum
924 715 1060 780 metricis
1081 721 1113 780 et
1133 714 1315 798 grammati·

222 822 267 886 cis
295 821 329 884 in
358 820 479 884 numeri
507 819 673 900 disciplina
701 817 811 896 horit,
848 817 975 882 uberius
1004 818 1222 900 exponendum
1257 821 1314 892 est.

221 924 320 990 Pedes
341 923 488 987 metricos
517 921 559 986 ad
586 927 687 986 artem
714 921 951 1003 grammaticam
982 921 1214 999 accommodat,
1250 939 1315 984 non

223 1027 306 1092 onim
328 1033 504 1109 temporum
524 1025 626 1108 spatio
648 1044 701 1089 eos
722 1024 860 1103 metitur,
882 1030 918 1089 ut
938 1024 1153 1100 Aristoxenus,
1175 1022 1230 1087 sed
1252 1021 1316 1105 syl·

222 1129 365 1194 labarum
385 1147 530 1192 numeror
567 1132 678 1190 contra
698 1126 752 1190 ille
778 1147 835 1190 nec
863 1126 973 1209 pedem
996 1147 1054 1192 noc
1076 1125 1230 1210 syllabam
1250 1145 1316 1188 me-

221 1237 306 1296 trum
328 1251 394 1295 esse
415 1228 591 1294 vocandum
613 1229 742 1308 censuit,
765 1230 819 1295 sed
839 1235 1006 1312 tempusll.
1049 1229 1100 1298 Sic
1121 1228 1216 1294 etiam
1239 1228 1316 1311 Pyr-

223 1333 381 1398 rhichium
402 1333 484 1397 inter
498 1330 592 1415 pedes
608 1332 752 1396 metricos
774 1332 878 1410 refert,
902 1331 986 1413 quod
1007 1331 1213 1398 Aristoxenus
1234 1351 1315 1394 uun·

223 1457 326 1519 quam.
370 1434 447 1499 Inde
468 1439 610 1517 apparet,
630 1433 815 1518 Dionysium
837 1456 902 1499 non
922 1435 1131 1519 rhythmicam
1153 1434 1315 1499 scientiam

223 1538 301 1604 artis
322 1537 470 1602 metricae
481 1537 599 1602 fontem
622 1536 756 1616 duxisse,
778 1538 832 1602 sed
854 1558 970 1618 eorum
982 1538 1158 1602 doctrinam
1173 1542 1314 1603 secutum

223 1662 305 1720 esse,
341 1641 396 1722 qui
416 1639 562 1706 metricas
587 1637 671 1722 leges
692 1661 712 1703 a
732 1639 917 1724 rhythmicis
947 1640 1119 1734 disjunctas
1146 1661 1203 1723 pro
1225 1645 1316 1724 parte

207 1731 446 1827 ¹grammaticae
476 1741 651 1822 habehant,
680 1763 733 1807 eos
755 1742 842 1821 dico,
872 1743 926 1824 qui
948 1737 978 1808 ci
1000 1739 1187 1830 χωρίζοντες
1208 1741 1316 1810 audie-

223 1847 314 1912 bant:
337 1867 432 1929 quam
454 1845 494 1910 ob
515 1866 581 1910 rem
602 1845 650 1910 illi
671 1845 801 1925 metrici,
824 1866 902 1927 quos
917 1845 1029 1925 adfert,
1051 1846 1246 1930 grammatici
1267 1846 1316 1912 iu-

223 1948 392 2031 tellegendi
415 1952 496 2013 sunt.
541 1947 680 2024 Quorum
698 1947 985 2031 praestantissimus
1005 1947 1065 2012 fuit
1079 1950 1190 2028 Varro,
1212 1954 1316 2014 aetate

223 2053 343 2136 primus
365 2051 461 2116 fuisso
481 2051 604 2116 videtur
624 2051 821 2116 Ptolemaeus
842 2049 1050 2130 Ascalonites,
1072 2052 1246 2118 Aristarchi
1269 2051 1317 2116 di-

224 2154 363 2237 scipulus
379 2155 422 2232 ²),
445 2153 499 2236 qui
520 2154 554 2218 iu
576 2173 669 2237 opere
690 2152 775 2236 quod
796 2158 864 2220 erat
885 2150 962 2240 περὶ
982 2152 1108 2240 μέτρων
1129 2161 1229 2220 artem
1251 2176 1317 2220 me-

223 2259 354 2335 tricam,
390 2262 564 2322 ceterarum
592 2257 708 2321 artium
737 2257 926 2322 musicarum
953 2259 1076 2323 ratione
1104 2279 1169 2323 non
1196 2256 1315 2334 habita,

224 2360 380 2426 tractavit.
424 2359 525 2424 Varro
546 2364 653 2424 autem
674 2360 742 2443 ejus
764 2359 908 2426 doctrina
930 2381 947 2425 e
968 2361 1087 2443 graecis
1116 2361 1241 2444 scriptis
1262 2381 1316 2426 ac·

225 2469 316 2547 cepta
337 2462 504 2546 praecipue
526 2461 560 2524 in
582 2481 674 2543 opere
695 2462 734 2528 de
755 2483 897 2530 sermono
917 2463 1017 2528 latino
1038 2463 1091 2528 lib.
1114 2463 1166 2528 IV.
1178 2467 1207 2548 3)
1229 2469 1262 2529 et
1281 2465 1315 2528 in

226 2566 462 2648 disciplinarum
484 2563 573 2628 libris
595 2563 634 2629 ds
663 2572 732 2630 arte
760 2567 890 2631 metrica
913 2571 1107 2648 exposuerat.
1151 2567 1212 2634 Sed
1234 2589 1315 2650 quae

226 2669 353 2752 exejus
375 2667 499 2751 scriptis
528 2671 651 2731 servata
672 2674 762 2748 sunt,
790 2669 831 2735 ad
853 2669 1067 2750 quaestionem
1088 2669 1127 2734 de
1148 2670 1316 2736 virtutibus

224 2771 339 2855 pedum
361 2770 554 2854 singulorum
576 2769 656 2834 nihil
674 2772 846 2854 pertinent,
883 2771 981 2852 quid?
1018 2771 1102 2853 quod
1124 2772 1162 2837 de
1185 2773 1315 2856 siugulis

225 2895 370 2940 versuum
393 2871 558 2957 generibus
580 2879 684 2938 certae
706 2876 773 2957 ojus
795 2875 968 2938 sententiae
989 2895 1053 2938 non
1082 2881 1207 2953 extant,
1244 2898 1314 2941 cum

226 2976 306 3040 nihil
335 2975 400 3040 fere
432 2974 470 3040 de
502 2976 610 3040 metris
643 2974 814 3060 dactylicis,
845 2997 947 3058 pauca
967 2975 1008 3040 dc
1025 2977 1172 3060 jambiois
1197 2980 1316 3046 tradita

227 3080 290 3144 sint
312 3077 502 3160 (Wilmauns
523 3077 543 3142 l.
567 3099 593 3142 c.
615 3099 645 3160 p.
669 3078 733 3160 69.)
775 3078 813 3142 In
841 3078 897 3143 illo
919 3098 1012 3162 opere
1040 3079 1078 3146 de
1106 3102 1247 3147 sermone
1269 3083 1316 3148 la·

226 3181 294 3246 tino
322 3181 496 3246 Varronem
524 3179 616 3246 etiam
646 3181 684 3246 de
712 3181 832 3248 solutae
867 3183 1017 3248 orationis
1052 3185 1189 3250 numeris
1218 3187 1316 3270 egisse

227 3290 318 3367 putat
339 3282 514 3348 Wilmanns
535 3305 566 3366 p.
583 3283 633 3362 72,
655 3283 740 3366 quod
761 3305 832 3350 eum
853 3283 962 3350 fecisse
983 3307 1021 3350 ex
1032 3290 1207 3370 argumenti
1229 3291 1314 3354 simi-

226 3385 357 3451 litudine
384 3384 550 3450 verisimile
578 3385 634 3464 sit,
671 3386 724 3452 sed
753 3392 839 3451 certa
865 3392 921 3452 aut
946 3387 1113 3456 manifesta
1138 3393 1316 3458 testimonia

227 3488 358 3572 reperiri
378 3494 488 3572 negat3
509 3509 582 3554 nam
604 3488 683 3553 illud
705 3488 856 3554 evincitur
878 3510 916 3554 ex
938 3511 974 3555 eo
996 3491 1080 3570 lucc,
1103 3515 1194 3575 quem
1212 3494 1316 3560 adfert

228 3589 331 3657 Rufin.
355 3590 504 3656 demetr.
526 3595 604 3656 orat.
620 3612 650 3674 p.
667 3589 759 3655 2720.
772 3589 820 3655 P.:
843 3592 1043 3670 „Victorinus
1064 3596 1165 3662 multa
1179 3597 1256 3664 dicit
1277 3598 1315 3662 dc

300 3864 320 3934 ¹)
356 3860 392 3916 cf.
410 3859 560 3930 Westphal,
579 3859 715 3930 Fragmm.
734 3859 760 3914 d.
777 3877 818 3929 gr.
837 3861 887 3916 ah.
907 3880 932 3931 p.
951 3865 993 3917 92.

298 3952 322 4020 2)
357 3949 392 4003 cl.
410 3947 486 4002 Suid.
502 3965 523 4001 s.
542 3965 568 4001 v.
585 3947 677 4016 Steph.
696 3948 760 4016 Bya.
779 3964 800 4000 s.
819 3965 844 4002 v.
857 3945 998 4002 Ἀσκαλών.

282 4040 321 4136 N3)
355 4038 389 4094 of.
408 4037 574 4103 Wilmanns,
598 4036 643 4096 ¹De
660 4035 698 4091 M.
716 4035 825 4090 Terent.
850 4037 980 4092 Varronis
1004 4036 1081 4092 libris
1106 4045 1263 4109 grammatt.
1288 4062 1314 4112 p.

216 4129 264 4189 ..64
282 4143 339 4196 sqq·
