3002 4788
763 253 804 316 32

242 442 325 526 apud
353 441 539 526 Dionysium
571 439 699 523 legitur:
736 433 794 504 οὐκ
825 437 915 506 ἐστίν
942 433 1071 528 drevic,
1108 440 1168 506 hoc
1197 440 1264 506 vult
1299 447 1335 505 ut
1401 478 1404 490 ι

242 545 427 610 Schaeferus
456 543 497 608 ad
525 543 556 606 h.
578 543 600 607 1.
622 550 707 608 recte
733 544 967 610 animadvertit:
1010 543 1161 622 „Jambus
1193 550 1241 608 est
1268 563 1334 625 pas,

242 670 306 713 uon
327 648 381 712 ille
402 646 527 729 quidem
548 645 716 711 admodum
738 640 878 734 εὐγενὴς,
917 648 970 713 scd
992 652 1097 712 tamen
1125 668 1189 712 non
1210 639 1332 732 άγενίης,

242 757 326 815 certe
354 742 572 834 εὐγενέστερος
594 743 757 834 τροχαίου.
802 750 932 816 Fallicer
960 751 1043 815 enim
1072 749 1217 834 Uptonus
1237 750 1335 813 inter·
1405 788 1407 825 η

242 861 379 938 protans,
401 859 552 935 tanquam
573 873 629 934 per
650 846 803 938 λιτότητα
824 853 952 932 dictum,
974 852 1084 936 pedem
1104 853 1137 918 iu
1159 852 1267 934 primis
1281 872 1335 934 gc·

243 962 418 1021 merosum.“
461 953 545 1018 Illud
573 954 668 1036 igitur
698 953 896 1020 scribendum
923 963 971 1021 cst
999 977 1069 1021 cum
1096 954 1186 1020 codd.
1210 954 1286 1036 ch.
1310 953 1334 1017 1.
1457 991 1461 1000 ·

244 1067 276 1124 ct
297 1057 402 1135 colu,
424 1078 487 1121 uon
509 1049 567 1120 cdx
589 1051 679 1120 ἔστιν
700 1049 758 1119 oda
780 1050 901 1145 άμενής.
946 1059 1011 1123 Νοο
1033 1055 1211 1124 Aristotelis
1231 1054 1335 1121 verbis
1408 1116 1410 1129 ,
1460 1116 1461 1120 ,

243 1162 276 1226 id
298 1166 466 1243 repugnat:
487 1159 514 1222 is
536 1159 618 1223 enim
636 1158 779 1242 jambum
795 1161 920 1243 quidem
935 1161 1012 1226 dicit
1026 1181 1092 1228 csso
1106 1156 1163 1246 την
1178 1156 1264 1239 λέξιν
1277 1154 1336 1244 τὴν

244 1268 308 1329 τῶν
331 1262 478 1341 πολλῶν,
517 1261 570 1326 scd
600 1259 685 1342 quod
705 1263 820 1346 pergit:
857 1259 908 1329 διὸ
937 1259 1081 1345 μάλιστα
1107 1258 1239 1326 πάντων
1270 1263 1335 1324 τῶν
1410 1262 1412 1271 ’

243 1365 367 1451 μέτρων
390 1358 523 1448 ῖαμβεῖα
545 1362 746 1450 φθέγγονται
768 1363 925 1450 λέγοντες·
955 1366 1006 1430 dci
1027 1364 1063 1431 δὲ
1082 1360 1262 1451 σεμνότητα
1283 1385 1335 1448 γε·
1460 1401 1462 1414 ·

245 1468 364 1533 νὲσθαι
385 1465 440 1532 καί
462 1463 631 1554 ἐκστῆσαι,
668 1467 794 1533 minime
821 1467 977 1552 significat
1002 1468 1146 1552 jambum
1175 1488 1242 1532 esse
1269 1473 1337 1531 tur-
1411 1452 1414 1467 ¹
1461 1507 1462 1512 κ

245 1594 332 1655 pem,
361 1571 470 1636 sedin
493 1591 634 1636 sermone
655 1570 802 1653 gravibus
823 1571 986 1638 affectibus
1007 1572 1101 1653 pleno
1122 1567 1337 1638 adhibendum
1461 1609 1462 1615 κ

245 1697 310 1740 non
330 1695 406 1740 esse.
449 1673 520 1737 Alio
549 1679 653 1738 autem
680 1672 750 1738 loco
770 1674 899 1759 Dionys.
922 1697 948 1741 o.
975 1673 1028 1752 18,
1064 1697 1095 1759 p.
1121 1674 1189 1738 120.
1209 1671 1337 1758 jambus
1458 1735 1462 1752 ,

244 1779 318 1844 talis
340 1777 455 1842 dicitur
475 1796 546 1857 pes,
583 1775 636 1859 qui
657 1775 699 1840 ad
728 1778 902 1842 ornandam
931 1777 1103 1847 orationem
1126 1797 1189 1840 non
1211 1773 1338 1852 sufficit,
1458 1755 1462 1775 ⁸

245 1881 372 1946 minime
393 1879 508 1962 turpis:
539 1873 573 1942 τί
593 1867 650 1943 οὗν
671 1873 789 1944 ἐκώλυε
810 1876 910 1968 καλὴν
931 1873 1087 1965 ἁρμονίαν
1108 1871 1190 1946 εἶναι
1212 1876 1336 1959 λέξεως,

247 1981 281 2048 ἐν
301 1972 321 2070 ᾗ
344 1978 425 2070 μήτε
446 1975 614 2067 ντορῤίχιός
635 1978 705 2046 ἐστι
728 1978 826 2062 τούς,
847 1976 921 2070 μήτ’
943 1977 1109 2067 ῖαμβικός,
1137 1973 1210 2069 μήτ’
1232 1973 1337 2067 άμφί-
1416 2008 1419 2061 2

246 2093 364 2174 βραχιις
386 2080 467 2172 μήτε
487 2088 552 2150 τῶν
565 2079 696 2170 χορείων
718 2076 817 2172 ἢτῶν
831 2081 988 2173 τροχαίων
1008 2081 1137 2172 μηδείς,
1172 2085 1339 2149 Praeterea
1460 2073 1463 2086 ⁴

247 2191 286 2256 de
317 2188 466 2254 trochaeo
497 2209 621 2270 quoquc
653 2189 852 2255 consentiunt
880 2189 1063 2254 Aristotcles
1098 2195 1130 2254 at
1148 2187 1339 2271 Dionysius,
1418 2244 1420 2259 ,

247 2293 300 2358 ille
322 2293 403 2357 enim
424 2292 469 2356 sic
487 2291 623 2376 judicat:
659 2285 738 2355 ddi
758 2295 908 2378 τροχαῖος
927 2287 1214 2377 κορδακικῶτερος·
1245 2289 1340 2376 δηλοῖ
1418 2332 1421 2357 .
1459 2332 1463 2348 ι

249 2394 285 2460 δὲ
306 2391 347 2460 τὰ
368 2389 574 2481 τετράμετρα·
605 2389 675 2459 ἔστι
701 2390 759 2479 γάρ
787 2392 936 2482 τροχερὸς
961 2390 1087 2483 ῥυθμὸς
1113 2392 1154 2458 τὰ
1182 2390 1339 2480 τετράμε-
1418 2414 1421 2465 ε
1463 2463 1464 2474 η

248 2523 317 2583 τρα.
361 2497 490 2563 Accedit
519 2496 604 2579 quod
624 2495 792 2580 Dionysius
819 2498 909 2564 illum
935 2499 1152 2582 gravissimum
1173 2501 1284 2562 testem
1305 2496 1340 2560 in
1418 2479 1421 2509 ³
1463 2481 1464 2492 ¹

249 2601 460 2685 disputatione
488 2599 526 2665 de
555 2599 692 2664 muneris
713 2599 846 2682 profert:
882 2623 950 2685 cap.
972 2601 1023 2665 25.
1056 2624 1087 2686 p.
1113 2599 1181 2664 197.
1211 2595 1266 2664 καί
1288 2593 1339 2664 ὅτι
1419 2580 1422 2593 ’
1460 2641 1464 2703 ,¹

249 2698 359 2791 ἀληθῆ
379 2697 482 2768 ταῦτά
504 2724 574 2767 εστι
603 2703 659 2786 (sc.
688 2703 861 2768 orationem
890 2723 1088 2770 numerosam
1117 2704 1182 2768 suis
1210 2702 1341 2786 quibus·
1419 2620 1426 2835 ί
1454 2764 1464 2825 p

250 2807 322 2873 dam
344 2805 475 2890 pedibus
497 2805 660 2889 distingui,
696 2827 754 2871 noc
775 2813 880 2874 tamen
901 2809 1038 2872 numeris
1059 2806 1243 2871 adstrictam
1264 2827 1342 2883 esse,
1423 2838 1426 2875 ι

250 2910 335 2994 quod
357 2931 415 2974 nec
437 2907 553 2973 eisdem
574 2906 689 2988 ubique
711 2908 843 2991 pedibus
871 2931 928 2975 nee
951 2910 1059 2976 codem
1079 2910 1113 2974 in
1135 2909 1206 2974 loco
1228 2914 1342 2974 ornata
1422 2894 1427 2937 ¹
1452 2867 1464 3006 p

250 3015 316 3098 sit),
338 3009 394 3077 καί
415 3006 468 3075 ὅτι
489 3002 581 3075 οὐδὲν
603 3005 665 3094 ἐγὼ
687 3017 936 3094 καινοτομῶ,
968 3009 1063 3096 λάβοι
1085 3011 1145 3095 μὲν
1158 3003 1198 3075 άν
1219 3033 1271 3088 τις
1286 3007 1341 3074 καί
1450 2975 1464 3122 d

252 3115 288 3180 ἐκ
308 3119 366 3202 τῆς
379 3108 624 3201 Ἀριστοτέλους
644 3111 820 3199 μαρτυρίας
841 3111 899 3204 τὴν
921 3112 1045 3180 πίστιν·
1067 3109 1191 3202 εἴρηται
1213 3111 1273 3201 γάρ
1293 3117 1340 3198 τρῖ
1426 3156 1452 3185 ,-

251 3213 426 3306 φιλοσόφῳ
453 3213 495 3280 τά
522 3208 550 3279 τ’
578 3207 661 3280 άλλα
689 3211 766 3303 περὶ
796 3222 854 3305 τῆς
882 3217 996 3300 λέξεως
1023 3222 1081 3305 τῆς
1109 3217 1282 3303 πολιτικῆς
1308 3211 1341 3280 ἓν
1428 3179 1455 3323 ἑ

251 3327 292 3408 τῇ
313 3317 405 3409 τρίτη
427 3315 533 3405 βίβλῳ
553 3322 618 3384 τῶν
639 3323 814 3406 ῥητορικῶν
834 3325 951 3402 τεχνῶν
973 3361 1012 3371 -
1048 3317 1104 3385 καί
1125 3317 1164 3408 δὴ
1187 3316 1345 3408 περὶτῆς
1446 3364 1454 3426 d

252 3418 444 3511 εὐρυθμίας,
474 3419 509 3503 ἐξ
529 3410 573 3486 ὧν
594 3413 633 3486 dv
647 3417 779 3509 τοιαύτη
801 3421 942 3508 γένοιτο·
965 3422 998 3489 ἕν
1018 3413 1039 3511 ᾗ
1060 3419 1136 3501 τοὺς
1157 3420 1344 3512 ἐπιτηδειο-
1431 3422 1433 3437 “
1455 3390 1464 3434 θ’

252 3523 369 3604 τάτοας
391 3517 539 3608 ὀνομάζει
561 3520 721 3611 ῥυθμούς,
759 3522 813 3589 καί
835 3531 885 3614 τεῇ
903 3522 1059 3615 χρήσιμος
1080 3524 1216 3604 ἕκαστος
1237 3519 1327 3592 adro
1328 3550 1345 3590 ν
1432 3532 1464 3563 ¹*

253 3624 495 3717 καταφαίνεται.
539 3627 582 3692 At
609 3627 721 3710 opinor
751 3630 950 3695 metricorum
980 3651 1103 3713 quoque
1124 3630 1247 3696 indiciis
1269 3649 1346 3696 usus
1445 3665 1464 3711 ,η

254 3741 318 3812 est;
340 3753 413 3797 nam
435 3730 601 3813 quominus
622 3730 661 3796 de
675 3729 845 3797 Heliodoro
866 3734 1015 3812 „matrico
1035 3733 1114 3798 artis
1135 3732 1275 3798 antistite
1290 3737 1349 3798 aut
1445 3732 1462 3794 It

255 3837 357 3919 primo
378 3840 433 3900 aut
455 3833 542 3898 solo“
563 3834 617 3919 (cf.
632 3833 711 3898 Mar.
734 3833 814 3899 Vict.
830 3834 939 3921 2541.)
961 3837 1140 3918 cogitamus,
1162 3833 1293 3917 impedit
1308 3834 1349 3899 de
1451 3847 1464 3882 a

256 3941 324 4024 ejus
344 3943 448 4003 aetate
470 3936 638 4015 dissensio,
674 3935 713 4002 de
741 3958 805 4019 qua
833 3959 929 4022 supra
959 3937 1093 4003 diximus
1111 3940 1147 4025 ¹).
1191 3937 1240 4002 Ita
1261 3937 1348 4020 quod

1453 3181 1464 3226 d

1455 3286 1464 3327 0

260 4095 463 4106 ..-.-...—-—-

316 4166 349 4252 η
386 4166 420 4218 ιι.
434 4164 548 4234 narsen,
565 4164 615 4218 nu
632 4163 771 4218 alexandr.
783 4164 913 4220 aaran
929 4182 955 4234 p.
970 4167 1083 4233 rassqq.
1100 4163 1134 4219 u.
1151 4162 1214 4218 neu
1230 4169 1352 4232 quaestu
1416 4191 1420 4196 -
1451 4129 1460 4185 ³·
