3002 4788
706 302 748 367 23

183 486 241 575 τὴν
276 492 334 575 τῆς
366 491 475 575 φωνῆς
502 482 627 574 κίνησιν
657 489 836 576 διοριστέον
871 495 917 576 aa*
945 488 1096 572 μέλλοντι
1122 513 1275 576 πραγμα-

183 587 340 657 τεύεσθαι
362 587 440 676 ττερὶ
460 590 589 674 μέλους,
619 586 718 679 αὐτὴν
740 588 822 656 κατὰ
843 589 900 658 τὸν
920 589 1034 658 τόττον.
1081 588 1127 658 Οὔ
1149 591 1208 679 γὰρ
1229 585 1276 672 εἷς

183 690 307 780 τρόπος
329 686 427 779 αὐτῆς
449 685 493 757 dir
515 691 669 779 τυγχάνει.
714 697 864 761 Κινεῖται
890 694 950 778 μὲν
978 691 1052 780 γὰρ,
1089 692 1144 761 καὶ
1165 696 1274 763 διαλο-

183 793 326 882 μομὲνιον
356 789 446 882 ἡμῶν
478 793 533 862 καὶ
562 793 803 883 μελῳδούντων,
840 795 898 885 τὴν
931 792 1098 885 εἰρημένην
1140 795 1273 886 κίνησιν.

181 893 249 981 Ὀξύ
273 897 332 984 γὰρ
360 894 415 962 καὶ
442 896 524 985 βαρὺ
553 899 649 987 δῆλον
671 893 716 978 ὠς
744 897 778 964 ἐν
806 893 1004 988 ἀμφοτέροις
1024 898 1153 979 τούτοις
1174 898 1273 983 ἐστίν,

183 995 254 1069 a'tt'
276 995 313 1066 οὗ
344 994 443 1066 ταύτὸ
466 994 553 1080 εἶδος
580 1005 638 1090 τῆς
665 998 819 1090 κινήσεως
840 997 992 1088 ἑκατέρας
1014 999 1113 1069 ἐστίν.
1157 1005 1275 1091 Diony·

183 1107 247 1172 sius
269 1111 374 1172 autem
395 1111 520 1188 praeter
541 1107 720 1172 Aristoxeni
749 1107 969 1188 auctoritatem
991 1107 1083 1172 etiam
1107 1109 1186 1172 artis
1207 1129 1275 1174 mu·

182 1210 266 1274 sicae
286 1209 319 1273 in
340 1208 472 1274 theatris
493 1209 749 1275 exercitationem
769 1230 827 1292 pro
849 1231 906 1276 sua
926 1208 1071 1276 doctrina
1091 1209 1195 1276 facere
1210 1211 1275 1276 exi-

114 1333 120 1350 ·
182 1312 306 1376 stimat:
343 1311 459 1376 etenim
479 1311 568 1376 illam
589 1304 756 1392 εὐμέλειαν
778 1319 811 1378 et
832 1307 1028 1399 εὐρυθμίαν,
1055 1333 1133 1395 ques
1155 1313 1274 1378 Ariste-

181 1415 271 1480 xenei
285 1413 453 1495 unicuique
467 1413 579 1478 insitas
593 1435 659 1480 esse
674 1414 864 1493 statuebant,
886 1436 919 1480 se
939 1415 1043 1497 ipsum
1058 1435 1150 1498 saepe
1164 1437 1274 1499 exper-

181 1523 249 1582 tum
271 1537 338 1582 esse
360 1515 445 1580 dicit.
490 1513 598 1580 Cicero
619 1537 758 1599 quoque,
795 1518 848 1599 qui
877 1539 947 1582 omn
970 1517 1121 1601 Dionysio
1143 1539 1274 1584 eonsen-

180 1621 263 1686 tiens
284 1620 318 1682 in
340 1618 477 1683 numeris
499 1623 530 1682 et
551 1617 679 1684 vocibus
700 1627 846 1686 ornatum
877 1618 1027 1686 orationis
1048 1620 1182 1702 positum
1206 1634 1273 1686 esse

181 1727 288 1788 censet
305 1722 347 1800 1),
375 1719 495 1802 etipse
516 1718 625 1784 rudem
647 1740 772 1788 sensum
794 1721 833 1787 de
853 1721 979 1790 musicis
1000 1727 1032 1788 et
1051 1721 1221 1788 virtutibus
1241 1728 1273 1788 ct

180 1825 264 1890 vitiis
282 1823 433 1907 judicare,
455 1828 487 1887 et
500 1828 536 1887 ut
550 1821 589 1887 de
604 1823 748 1890 omnibus
762 1824 968 1890 brevitatibus
979 1830 1012 1890 et
1025 1823 1272 1908 longitudinibus

181 1926 327 2004 metricis,
348 1926 394 1990 ita
403 1925 442 1990 de
450 1924 551 1990 acutis
561 1926 768 2008 gravibusque
778 1928 907 1992 vocibus
912 1927 1065 2012 judicium
1077 1925 1119 1992 ab
1132 1927 1203 2009 ipsa
1216 1948 1273 1992 na·

180 2035 252 2096 tura
266 2029 299 2094 in
313 2027 442 2094 auribus
459 2027 576 2092 nostris
598 2027 787 2094 collocatum
801 2050 868 2094 esse
884 2031 1011 2112 exponit
1020 2031 1058 2113 2).
1102 2028 1148 2094 Ac
1164 2028 1272 2094 Cicero

179 2131 320 2215 quidem,
342 2150 522 2212 quanquam
544 2131 606 2194 arti
627 2130 829 2196 harmonicae
849 2139 905 2197 aut
926 2132 1122 2217 rhythmicae
1144 2152 1271 2214 operam

178 2257 243 2300 non
264 2233 360 2312 dedit,
381 2237 488 2298 tamen
509 2231 592 2297 unde
613 2232 662 2297 hie
684 2233 902 2316 gravissimum
924 2241 1114 2300 momentum
1138 2234 1181 2299 ad
1200 2255 1272 2299 ora-

178 2337 274 2402 tionis
307 2335 564 2417 compositionem
597 2334 751 2400 tributum
779 2337 835 2414 sit,
871 2339 910 2400 de
939 2342 1017 2402 orat.
1050 2336 1105 2415 ΠΙ,
1126 2336 1177 2415 44,
1202 2335 1271 2400 173.

181 2439 250 2504 174.
281 2437 407 2504 uberius
433 2436 533 2504 tradit
547 2439 587 2522 3).
636 2437 724 2504 Nihil
751 2439 846 2524 igitur
873 2440 946 2504 novi
979 2439 1115 2504 orationi
1143 2439 1273 2504 intrusit

178 2541 364 2626 Dionysius,
397 2540 482 2622 quod
504 2562 543 2606 ex
564 2546 632 2606 arte
653 2541 837 2608 harmonica
858 2547 890 2606 et
910 2541 1088 2627 rhythmica
1110 2542 1177 2624 ejus
1200 2561 1271 2606 sua-

177 2645 307 2710 vitatem
330 2647 361 2708 et
382 2642 649 2726 pulchritudinem
671 2642 782 2710 deduci
804 2645 929 2722 statuit,
950 2644 983 2708 id
1004 2643 1090 2726 quod
1111 2665 1147 2710 eo
1169 2645 1271 2709 minus

178 2748 274 2814 miros
295 2767 354 2810 nos
375 2744 480 2824 habet,
502 2746 587 2829 quod
607 2747 641 2812 in
656 2745 785 2812 Graecis
807 2746 950 2812 omnibus
965 2747 1119 2814 natiualis
1141 2746 1271 2829 quidem

178 2850 292 2916 artium
313 2849 502 2914 musicarum
524 2849 702 2914 intellectus
723 2850 841 2944 inerat,
870 2854 982 2916 eontra
1003 2848 1126 2928 Cicero,
1148 2849 1271 2926 Quinti-

250 3115 270 3182 1)
305 3114 380 3168 Orat.
393 3115 435 3180 49,
455 3115 513 3166 162.
536 3112 618 3180 „quia
635 3129 725 3164 rerum
743 3111 942 3180 verborumque
957 3111 1091 3179 judicium
1109 3113 1271 3181 prudentias

179 3207 229 3272 est,
247 3220 345 3257 vocum
362 3203 454 3254 autem
473 3204 501 3252 et
523 3217 698 3254 numerorum
721 3215 799 3252 aures
818 3201 882 3252 serit
896 3198 1011 3268 judices,
1031 3203 1060 3252 et
1077 3201 1150 3268 quod
1167 3200 1217 3253 illa
1235 3201 1270 3258 ad

176 3289 393 3360 intellegentiam
411 3287 577 3354 referuntur,
597 3287 664 3342 haec
683 3288 719 3340 ad
736 3287 919 3356 voluptatem:
949 3287 978 3340 in
996 3287 1050 3340 illis
1067 3287 1138 3341 ratic
1155 3288 1267 3357 invenit,

177 3380 206 3432 in
224 3379 266 3434 his
285 3394 378 3433 sensus
397 3379 493 3429 artam.
512 3405 544 3413 -
575 3375 652 3429 Duae
670 3379 734 3429 sunt
750 3374 836 3444 igitur
854 3392 911 3439 res,
930 3391 1000 3443 quae
1018 3375 1206 3443 permulceant
1223 3394 1268 3430 an·

177 3484 229 3535 res,
248 3485 329 3522 sonus
346 3469 524 3518 etnumerus.
536 3493 570 3501 —
588 3463 679 3518 Verba
692 3463 772 3532 enim,
790 3465 822 3515 nt
840 3462 1060 3530 supradiximus,
1078 3463 1194 3532 legenda
1206 3468 1271 3518 sunt

177 3554 348 3624 potissimum
368 3554 438 3607 bene
454 3551 581 3606 sonantia
598 3554 663 3606 cett.

248 3659 269 3727 2)
306 3658 380 3712 Orat.
394 3660 436 3720 51,
457 3660 513 3714 173.
532 3656 573 3709 De
590 3659 659 3710 crat.
671 3655 718 3722 111,
740 3656 781 3722 50,
802 3657 929 3724 195-51,
950 3659 1007 3708 197.
1029 3654 1125 3708 Parad.
1139 3658 1163 3724 3,
1182 3660 1207 3724 2,
1225 3659 1268 3712 26.

248 3763 271 3830 3)
306 3762 337 3814 L.
350 3780 373 3816 c.
392 3763 511 3830 „Versus
528 3765 634 3816 veteres
652 3759 693 3814 illi
711 3761 741 3814 in
759 3761 810 3814 hac
824 3760 913 3814 soluta
925 3759 1048 3816 oratione
1064 3760 1268 3830 propemodum,

178 3852 230 3906 hoc
249 3855 299 3918 est,
317 3866 445 3906 numeros
462 3850 595 3919 quosdam
612 3848 692 3903 nobis
712 3865 770 3902 esse
788 3848 958 3902 adhibendos
975 3851 1149 3917 putaverunt.
1183 3848 1268 3902 Inter·

176 3939 334 4008 spirationis
353 3938 438 4006 enim,
465 3955 521 3992 non
538 3936 743 4006 defatigationis
761 3939 872 3991 nostrae
889 3952 978 4004 neque
994 3935 1170 3990 librariorum
1188 3935 1268 4002 notis,

178 4028 226 4081 sed
251 4027 396 4081 verborum
420 4029 449 4079 et
472 4024 670 4079 sententiarum
693 4025 775 4080 modo
798 4025 985 4094 interpunctas
1011 4023 1145 4080 clausulas
1163 4024 1191 4076 in
1210 4040 1268 4078 cra·

177 4115 298 4176 tionibus
324 4129 383 4166 esse
406 4112 562 4180 voluerunt,
592 4113 675 4181 idque
698 4113 826 4182 princeps
843 4112 977 4168 Isocrates
1000 4110 1149 4166 instituisse
1171 4111 1268 4180 fertur,

176 4206 209 4258 ut
225 4202 396 4266 inconditam
414 4202 588 4270 antiquorum
606 4199 714 4257 dicendi
732 4200 956 4264 consuetudinem
979 4198 1169 4254 delectationis
1186 4202 1268 4270 atque
