3002 4788
757 273 883 350 20'

229 477 380 559 scriptum
401 495 477 552 esse,
498 473 531 538 id
553 472 638 555 quod
659 473 706 538 vir
727 472 778 538 cll.
793 473 957 538 admonuit
968 474 1003 556 ¹).
1048 471 1095 536 De
1108 471 1245 554 periodis
1266 470 1320 535 de·-

152 642 155 647 .
229 579 324 661 nique
345 598 525 659 quanquam
546 597 648 659 pauca
668 574 837 660 Dionysius
858 575 995 658 exponit,
1017 581 1054 639 ut
1071 575 1139 658 jam
1154 595 1250 657 supra
1270 595 1321 638 re-

229 681 368 759 tulimus,
391 687 497 745 tamen
519 677 671 743 nonnulla
691 678 862 743 adferenda
882 676 1041 755 videntur,
1064 676 1177 758 quibus
1199 677 1321 741 eluceat

229 790 303 849 ante
326 783 507 849 Ciceronem
529 788 560 846 et
581 780 775 865 Dionysium,
797 787 828 846 et
849 786 923 846 ante
943 781 1046 862 ipsum
1060 779 1261 844 Aristotelem
1282 780 1321 844 de

229 907 338 950 earum
367 890 526 950 structura
558 885 635 949 satis
655 885 831 966 quaesitum
851 883 956 948 fuisse.
1010 881 1204 947 Periodieam
1236 882 1321 946 enim

229 989 402 1054 orationem
423 989 542 1072 primus
564 985 697 1070 Gorgias
718 987 759 1050 ad
782 992 883 1052 certas
910 985 1027 1050 formas
1048 983 1253 1050 adstrinxisse
1275 986 1321 1051 vi-

230 1091 333 1156 detur:
356 1089 419 1155 Cio.
442 1090 528 1155 Orat.
555 1089 624 1155 167.
650 1089 725 1167 1753
759 1110 830 1153 eum
851 1089 932 1152 nihil
952 1089 1013 1152 nisi
1034 1087 1076 1153 ad
1097 1088 1260 1171 periodum
1283 1089 1320 1152 li-

227 1200 336 1277 gatum
357 1193 515 1259 elocutum
545 1213 612 1258 esse
641 1192 741 1256 tradit
760 1191 897 1257 Demetr.
928 1191 966 1255 de
988 1190 1101 1256 eloout.
1127 1191 1174 1254 15.
1218 1195 1321 1272 Atque

228 1299 274 1362 ita
294 1296 421 1378 quidem
443 1295 587 1379 periodos
607 1295 760 1373 instituit,
782 1301 818 1360 nt
833 1300 888 1360 aut
909 1293 1050 1360 membra
1071 1314 1151 1375 quae
1172 1293 1321 1358 dicuntm·

228 1375 382 1484 parallelo
403 1399 581 1464 enuntiaret
602 1397 637 1482 (i.
660 1420 686 1463 e.
708 1396 792 1478 λέξις
813 1394 999 1484 διῃρημένη)
1020 1402 1077 1461 aut
1107 1397 1189 1462 inter
1210 1417 1242 1461 se
1266 1418 1322 1479 op-

229 1503 374 1586 opposita
413 1499 513 1584 (λέξις
551 1493 778 1587 ἀντικειμένη).
830 1498 917 1564 ldem
945 1500 1105 1584 (Aristot.)
1132 1499 1233 1576 tRhet
1265 1499 1321 1577 Ill,

229 1606 259 1669 9.
289 1604 327 1670 de
357 1604 532 1669 elocutione
559 1624 616 1686 per
646 1603 786 1668 membra
819 1602 1012 1668 enuntianda
1043 1603 1230 1685 disputatur.
1274 1601 1322 1667 Cf.

228 1707 412 1771 Anamaren.
445 1706 536 1772 Rhet.
569 1727 595 1772 c.
618 1706 668 1770 24.
702 1699 749 1783 εἰς
780 1701 838 1770 do'o
873 1699 1063 1792 ἑρμηνεύειν.
1106 1704 1216 1788 Itaque
1248 1711 1322 1770 ante

228 1808 494 1894 Thrasymachum
515 1808 674 1892 periodica
696 1809 797 1873 oratio
818 1809 945 1874 inventa
966 1815 1022 1888 est,
1044 1830 1118 1873 nam
1133 1807 1217 1890 quod
1233 1807 1320 1873 Suid.

230 1934 253 1977 s.
269 1935 296 1977 v.
317 1908 529 1998 Θρασύμαχος
543 1912 650 1990 tradit,
672 1932 744 1976 eum
764 1911 927 1994 periodum
949 1911 1112 1988 invenisse,
1133 1911 1180 1976 ita
1200 1909 1322 1976 intelle-

229 2014 365 2100 gendum
392 2021 449 2093 est,
470 2020 506 2080 ut
519 2014 605 2098 quod
627 2013 760 2098 Gorgias
773 2015 893 2079 invenit
911 2013 963 2078 via
977 2035 1015 2078 ac
1035 2014 1206 2079 rationein
1221 2020 1321 2078 artem

229 2117 386 2201 redegisse
406 2118 544 2183 dicatur:
573 2117 613 2183 cf.
637 2115 700 2182 Cic.
722 2117 808 2183 Orat.
832 2121 860 2198 ξ.
884 2116 943 2195 39,
965 2117 1020 2199 qui
1040 2137 1151 2199 parum
1173 2121 1322 2182 accurate

228 2221 364 2306 primum
380 2228 417 2312 et
437 2219 704 2304 Thrasymachum
733 2227 764 2285 et
792 2218 941 2303 Gorgiam
962 2218 995 2283 id
1017 2219 1115 2302 egisse
1136 2218 1250 2298 tradit,
1286 2225 1322 2284 ut

228 2324 347 2404 „verba
361 2323 464 2389 verbis
474 2323 565 2404 quasi
580 2322 721 2386 dimensa
743 2329 774 2387 et
793 2323 883 2406 paria
896 2321 1131 2405 responderent,
1153 2328 1189 2386 ut
1210 2322 1322 2388 crebro
1446 2319 1449 2326 '

228 2425 446 2491 conferrentur
480 2425 655 2507 pugnantia
694 2432 1014 2508 compararenturquc
1042 2425 1201 2490 contraria
1229 2433 1261 2490 et
1286 2431 1323 2490 ut

229 2529 348 2612 pariter
374 2533 514 2592 extrema
544 2528 789 2593 terminarentur
817 2528 1011 2610 eundemque
1039 2527 1194 2593 referrent
1212 2529 1247 2592 in
1270 2549 1323 2592 ca-

229 2629 333 2696 dendo
361 2637 502 2696 sonum.“
545 2630 607 2696 Sed
635 2629 783 2696 Cicerone
809 2631 878 2713 ipso
907 2636 1035 2695 auctore
1063 2631 1141 2696 haec
1170 2637 1323 2696 tractasse

230 2739 397 2814 utrumque
418 2734 553 2815 primunr
581 2752 645 2799 non
673 2733 734 2797 nisi
753 2732 906 2798 traditum
932 2733 1084 2798 ferebant.
1129 2733 1219 2811 Quod
1241 2733 1322 2798 Gor-

230 2837 356 2919 gianam
383 2835 593 2900 membrorum
620 2835 843 2917 aequalitatem
872 2841 903 2900 et
932 2835 1159 2918 oppositionem
1188 2836 1324 2921 Thrasy.-

230 2939 360 3004 machus
381 2937 423 3003 ad
444 2940 599 3005 saniorem
622 2938 777 3003 rationem
803 2938 941 3015 reduxit,
979 2937 1049 3003 ideo
1070 2960 1091 3002 a
1108 2938 1344 3022 Theophrasto

231 3042 265 3106 in
287 3041 357 3106 libr.
379 3038 457 3127 περὶ
478 3039 592 3130 differor
612 3040 732 3123 periodi
753 3041 898 3106 inventor
918 3040 1097 3124 appellatus
1116 3048 1171 3107 est.
1194 3041 1234 3106 cf.
1247 3041 1325 3106 Dio-

232 3166 298 3229 nys.
321 3144 361 3209 de
383 3145 454 3228 hys,
476 3165 503 3208 c.
525 3144 554 3208 6.
597 3141 848 3228 Thrasymachus
868 3142 950 3209 idem
972 3144 1091 3226 primus
1113 3165 1227 3209 nomen
1250 3165 1324 3228 „pe-

232 3246 333 3313 riodi“
367 3245 604 3312 adorationem
625 3245 801 3328 pedestrem
822 3247 998 3327 transtulit,
1036 3252 1131 3312 antea
1150 3248 1184 3311 in
1205 3248 1325 3314 musica

232 3356 357 3416 tantum
379 3355 447 3415 arte
462 3348 648 3415 adhibitum.
692 3348 739 3413 De
761 3368 797 3412 eo
819 3347 858 3413 cf.
875 3349 970 3414 etiam
984 3347 1018 3414 C.
1033 3349 1068 3415 F.
1085 3349 1255 3428 Hermann,
1277 3350 1326 3416 De

232 3452 465 3536 Thrasymacho
479 3451 690 3517 Chalcedonio
706 3447 856 3533 sophista,
869 3451 936 3515 lud.
952 3450 1037 3516 lectt.
1054 3450 1192 3536 Gotting.
1212 3453 1324 3532 184⁸lo·

234 3555 375 3621 Prooem.
398 3554 541 3638 Spengel,
563 3555 645 3618 Artt.
667 3553 788 3636 scriptt.
811 3574 841 3636 p.
863 3553 998 3618 93-98.

319 3658 466 3723 Venimus
488 3656 530 3723 ad
550 3678 588 3722 ea
607 3655 813 3734 illustranda,
849 3677 930 3739 quac
948 3656 1118 3742 Dionysius
1142 3659 1175 3723 in
1199 3680 1325 3742 compo-

234 3761 347 3826 sitione
369 3761 539 3844 spectanda
560 3781 627 3824 esse
648 3759 754 3838 docet,
790 3759 982 3842 voluptatem
1010 3760 1059 3825 vel
1087 3762 1272 3827 suavitatem
1294 3771 1327 3828 et

235 3863 499 3948 pulchritudinem
530 3863 571 3946 (c.
600 3863 640 3926 10
660 3863 728 3946 in).
772 3861 840 3927 Hoc
871 3870 1072 3946 praeceptum
1103 3885 1124 3930 a
1156 3887 1189 3930 se
1223 3866 1326 3948 primo

236 3967 345 4032 datum
365 3987 432 4032 esse
467 3986 532 4032 non
559 3964 691 4030 obscure
718 3964 786 4046 ipse
815 3963 985 4050 significat:
1022 3966 1134 4032 δοκεῖ
1161 3990 1230 4050 μοι.
1267 3964 1327 4031 dv‘o

307 4181 327 4251 l)
363 4182 504 4252 Dionysius
522 4182 578 4235 und
597 4181 767 4236 Aristoteles.
802 4182 875 4237 Gdtt.
895 4185 971 4252 1863,
989 4201 1014 4251 p.
1034 4188 1075 4240 33.
