3002 4788
647 265 688 330 33

124 454 271 518 metricos
292 454 471 536 exscripsit,
510 453 678 538 Dionysius
699 455 852 538 primum,
889 456 943 538 qui
972 456 1064 522 nobis
1085 457 1234 524 traditus·

124 561 187 634 est,
223 557 558 638 pedummetricorum
579 556 715 621 indicem
735 558 872 622 instituit
895 557 949 640 (cf.
971 557 1134 624 Rossbach
1154 560 1221 625 und

123 657 265 742 Westph.
287 657 403 723 Metrilr
424 658 453 723 d.
477 658 602 724 Griech.
636 658 660 722 I.
683 657 741 723 Bc.
774 659 803 723 2.
826 657 906 723 Aofl.
929 681 960 742 p.
986 660 1068 742 118).
1113 661 1221 744 Ipsum

123 759 229 825 studia
250 759 428 844 rhythmica
449 768 480 825 et
501 762 632 827 metrica
652 781 717 825 non
737 762 944 844 promovisse,
972 763 1052 828 illud
1074 764 1220 844 ostendit,

123 862 208 945 quod
230 884 297 946 cap.
320 863 349 926 4.
371 862 561 928 hexametro.
576 863 743 929 Homerica
763 865 797 928 in
814 865 958 947 Priapeia
980 887 1035 930 seu
1056 865 1220 951 Ithyphal-

121 966 185 1030 lica
215 965 297 1030 male
324 965 418 1030 vertit
446 965 569 1044 (Rossb.
596 987 627 1030 u.
657 965 797 1050 Westph.
825 967 846 1031 l.
869 987 895 1030 c.
918 988 949 1050 p.
974 967 1068 1056 tlt).
1112 969 1219 1034 Unum

121 1067 255 1150 quidem
271 1068 440 1146 omisimus,
462 1065 659 1146 Ciceronem,
682 1068 736 1133 sed
758 1088 838 1150 quae
859 1067 898 1132 de
919 1090 1049 1134 numero
1071 1069 1119 1134 Ile
1139 1075 1218 1135 orat.

120 1169 177 1248 111,
200 1169 336 1232 44-51.
370 1169 455 1234 Orat.
478 1191 569 1254 capp.
589 1170 742 1247 49-67.‚
775 1171 911 1236 maxime
931 1171 1166 1254 Thrasymacho
1186 1180 1220 1238 et

120 1272 290 1337 Aristotele
303 1271 485 1337 auctoribus
499 1271 634 1352 disserit,
656 1272 696 1337 de
711 1272 831 1355 origine
844 1280 940 1355 atque
951 1295 1010 1338 usu
1021 1275 1142 1339 numeri
1151 1297 1219 1340 ma-

119 1375 238 1439 ximam
260 1378 392 1456 partem,
414 1375 444 1439 ei
458 1375 634 1457 quaestioni
655 1396 751 1456 quam
771 1394 829 1440 nos
849 1381 1023 1440 tractamus
1037 1376 1139 1441 lucem
1154 1398 1218 1442 non

38 1555 39 1558 Ἴ
119 1476 277 1542 adferunt.
301 1475 433 1542 Constat
446 1477 542 1560 igitur
553 1477 741 1560 quibusnam
755 1477 893 1542 metricis
907 1499 982 1542 usus
998 1479 1039 1542 sit
1049 1477 1218 1563 Dionysius

39 1620 40 1666 3
121 1579 161 1644 ad
175 1578 331 1660 liquidum
346 1579 476 1662 perduci
491 1601 555 1645 non
569 1600 668 1662 posse.
700 1579 787 1670 Quae
804 1601 877 1645 vero
893 1580 932 1645 de
945 1579 1077 1663 pedibus
1092 1581 1218 1646 irratio-

39 1677 40 1724 t
120 1679 256 1759 oolibae,
278 1686 484 1764 anapaestum
496 1683 566 1747 dico
581 1688 613 1747 et
633 1681 792 1765 dactylum
807 1683 1031 1760 irrationalem,
1053 1703 1092 1746 ex
1107 1682 1218 1768 rhyth-

40 1829 41 1874 ;
119 1785 272 1849 micorum
293 1785 448 1850 sententia
468 1784 576 1864 tradit,
596 1805 660 1849 non
683 1784 750 1848 sine
770 1804 867 1850 causa
888 1805 927 1849 ex
939 1784 1215 1850 Aristoxeneorum
1272 1862 1274 1867 ,

40 1877 41 1912 l
120 1887 264 1952 doctrina
285 1885 411 1968 prolata
431 1907 498 1952 esse
521 1891 626 1952 censet
646 1885 826 1970 Westphal‚
852 1887 1009 1970 Fragmm.
1032 1887 1062 1951 d.
1086 1909 1132 1970 gr.
1155 1888 1215 1952 Rh.

121 2011 150 2072 p.
176 1989 222 2054 12.
268 1987 352 2054 Certi
384 1987 556 2070 quidquam
578 1987 689 2052 Rossb.
722 1995 753 2052 et
781 1988 922 2072 Westph.
955 1988 977 2052 l.
999 2010 1025 2054 c.
1059 1989 1098 2054 de
1129 1989 1218 2056 fonte

122 2091 261 2176 Dionysii
284 2112 348 2154 non
369 2097 527 2156 statuunt:
571 2089 672 2168 „Dass
701 2089 790 2154 nicht
813 2091 905 2172 jeder
932 2086 1018 2166 πούς
1047 2091 1116 2156 eine
1144 2114 1217 2157 aus·

123 2193 314 2260 schliesslich
334 2194 423 2258 zwei-
443 2192 509 2256 und
531 2191 690 2273 einscitige
711 2191 966 2274 Silbenmessung
994 2193 1066 2271 hat,
1102 2195 1144 2259 ist
1165 2194 1216 2259 bei

127 2297 183 2360 deu
204 2300 350 2380 spiitcren
370 2294 556 2371 Metrikern,
592 2293 670 2358 aber
699 2292 787 2357 nieht
814 2292 865 2358 bei
886 2293 1055 2378 Dionysius
1081 2296 1114 2360 in
1139 2297 1216 2360 Ver-

129 2398 296 2480 gesocnheit
316 2399 483 2481 gerathen‚
518 2396 584 2461 und
612 2395 664 2462 die
691 2416 752 2458 von
781 2395 847 2459 ihm
869 2394 1016 2459 hiertiber
1036 2396 1215 2479 gegebenen

129 2498 253 2565 Notizen
283 2521 340 2566 aus
371 2500 431 2564 den
460 2493 618 2586 ῥυθμικοί
650 2497 788 2580 gehdren
819 2520 858 2562 zu
889 2498 950 2562 den
980 2498 1215 2564 werthvollsten

126 2601 263 2668 Puncton
277 2603 331 2668 der
345 2603 431 2668 alten
441 2601 633 2666 Tradition.“
662 2599 773 2664 Restat
786 2599 974 2682 utDionysii
989 2601 1159 2666 sententias
1176 2601 1215 2667 de

122 2703 251 2786 pedibus
264 2726 319 2771 seu
332 2704 470 2769 numeris
483 2703 571 2768 vario
585 2701 679 2768 modo
692 2701 860 2767 miscendis
874 2722 946 2766 cum
955 2699 1114 2766 Ciceronis
1129 2723 1215 2767 com-

122 2827 278 2888 paremus:
314 2807 368 2872 ille
389 2812 495 2872 utrum
523 2806 618 2890 hujus
646 2804 770 2888 scriptis
791 2823 867 2868 usus
888 2803 929 2866 sit
949 2823 1057 2882 necne,
1078 2805 1215 2888 perspici

122 2929 299 2992 quanquam
314 2930 379 2974 non
388 2913 501 2992 potest,
523 2915 630 2974 tamen
643 2909 713 2992 ipsa
721 2905 914 2990 comparatio
928 2905 1020 2970 docet
1029 2905 1214 2988 Dionysium

46 3039 47 3080 ;
121 3012 158 3077 de
183 3012 240 3078 illa
260 3034 294 3078 re
325 3011 406 3076 nihil
433 3011 506 3076 novi
533 3011 710 3093 protulisse.
753 3009 879 3074 Etenim
900 3007 1008 3074 Cicero
1030 3006 1116 3072 Orat.
1142 3007 1212 3074 197.

46 3139 47 3144 ¹
115 3113 267 3200 jamtum,
288 3133 426 3198 paeana,
449 3113 610 3196 dactylum
630 3114 713 3178 inter
734 3131 768 3176 se
788 3111 963 3176 miscendos
984 3115 1016 3176 et
1036 3116 1214 3193 temperen-

119 3217 172 3282 dos
194 3237 262 3283 esse
283 3222 399 3294 censet,
420 3237 503 3293 nam,
525 3215 590 3293 „sic
612 3215 769 3292 minime“‚
790 3214 902 3296 inquit,
924 3212 1211 3292 „animadvertetur

45 3319 46 3324 ’
119 3320 334 3386 delectationis
355 3319 523 3400 aucupium
547 3322 579 3380 et
593 3315 798 3399 quadrandae
814 3317 964 3381 orationis
984 3314 1142 3380 industria
1155 3319 1213 3394 ¹).“

117 3615 229 3666 gramm.
249 3615 276 3666 p.
297 3599 329 3650 14
342 3613 401 3664 sqq.
437 3595 463 3650 G.
475 3594 655 3648 Wachsmnth
675 3593 773 3648 Philol.
786 3594 858 3661 XVI,
875 3612 902 3664 p.
916 3597 967 3650 618
979 3612 1038 3664 sqq.
1056 3615 1081 3650 ιι.
1091 3597 1212 3652 Leutsch

45 3675 46 3686 ¹
115 3685 209 3748 Philol.
228 3686 277 3752 XI,
296 3686 356 3738 746.
374 3680 526 3750 Westphal,
544 3681 681 3751 Fragmm.
700 3682 726 3738 d.
744 3698 786 3752 gr.
803 3681 856 3735 Rh.
874 3699 901 3750 p.
922 3686 954 3736 12
973 3687 1037 3737 ante
1049 3683 1211 3754 Dionysium

116 3791 174 3826 eum
192 3775 295 3828 vixisse
313 3771 459 3824 existimat.

184 3899 205 3967 ¹)
242 3897 277 3952 cf.
296 3897 319 3967 ξ.
340 3898 398 3950 189.
419 3897 480 3948 213.
498 3893 544 3962 „in
563 3893 695 3948 orationis
718 3908 831 3948 numero
848 3892 919 3946 nihil
943 3881 985 3946 est
1002 3897 1060 3946 tom
1078 3895 1208 3949 vitiosum

117 4001 193 4052 quam
216 3989 241 4040 si
266 4000 374 4053 semper
396 3986 438 4036 est
461 3981 559 4036 idem.“
604 3981 709 4036 Similia
732 3980 823 4036 adfert
846 3981 880 4034 de
901 3984 970 4034 orat.
996 3981 1044 4048 111,
1068 3985 1111 4052 49,
1136 3986 1209 4038 191.:

117 4072 303 4138 „Consuetudo
321 4071 402 4126 modo
419 4070 468 4123 illa
484 4070 522 4123 sit
538 4069 677 4124 scribendi
694 4072 776 4138 atque
790 4068 908 4130 dicendi,
927 4071 959 4121 ut
975 4070 1128 4124 sententiae
1145 4087 1205 4124 ver·

117 4159 154 4214 bis
170 4161 304 4216 finiantur
323 4173 469 4225 eorumque
496 4157 642 4212 verborum
666 4155 776 4224 junctio·
796 4160 924 4210 nascatur
942 4174 958 4209 a
974 4157 1097 4225 proceris
1115 4174 1209 4212 nurne-

966 4265 982 4316 3
