3002 4788
749 353 768 410 7

211 543 318 623 pserat
336 542 372 615 ¹).
417 536 555 602 Maxime
583 557 657 601 vero
679 536 907 621 Peripateticos
932 535 1137 622 philosophos
1165 544 1197 602 et
1224 537 1306 604 Stoi·

210 661 264 706 cos
286 641 325 706 de
347 639 500 705 orationis
527 638 633 704 indole
660 640 853 722 quaesivisse
875 644 1018 704 constat:
1056 638 1185 723 Dionys.
1214 643 1306 726 epist.

211 744 236 808 I.
260 743 301 808 ad
325 744 425 807 hmm.
448 764 474 806 o.
492 747 521 805 2.
566 741 699 819 Quintil.
723 742 791 818 ΙΙΙ,
819 746 850 818 l,
876 746 924 806 15.
969 741 1034 806 Οἰο.
1056 741 1096 806 de
1118 742 1180 806 inv.
1204 743 1251 820 11,
1275 748 1304 807 2.

211 847 296 911 Sext.
327 847 417 930 Emp.
449 844 519 908 adv.
547 842 698 908 Mathem.
723 844 771 918 ΙΙ.
802 849 830 908 6.
859 866 887 928 p.
912 847 983 908 289.
1007 849 1057 911 81.
1079 867 1109 929 p.
1132 849 1202 910 301.
1258 845 1306 910 De

211 949 324 1014 Stoicis
346 946 423 1032 quid
445 946 564 1011 sentiat
590 947 731 1030 apertius
753 945 897 1010 declarat
918 968 948 1031 p.
966 950 1016 1010 31.
1039 950 1095 1012 32:
1127 941 1218 1032 ἔγωγ’
1239 939 1304 1022 οὖν,

209 1048 264 1117 ὅτε
284 1049 416 1136 διέγνων
438 1045 677 1114 συντάττεσθαι
698 1043 817 1135 ταύτην
837 1045 895 1135 τὴν
915 1042 1090 1127 ὑπόθεσιν,
1114 1046 1253 1136 ἐζήτουν,
1276 1046 1310 1116 εί

209 1178 243 1220 τι
255 1158 327 1232 τοῖς
340 1149 498 1240 πρότερον
519 1147 643 1240 εἴρηται
666 1147 743 1236 περὶ
765 1143 880 1238 αὐτῆς,
903 1149 958 1215 καί
978 1148 1122 1234 μάλιστα
1143 1156 1215 1230 τοῖς
1235 1146 1305 1216 ἀπὸ

209 1261 267 1344 τῆς
286 1261 391 1335 Στοᾶς
411 1249 625 1343 φιλοσόφοις,
649 1249 745 1332 εἰδὼς
770 1251 846 1332 τοὺς
866 1246 985 1340 ἄνδρας
1005 1248 1044 1318 oei
1064 1251 1182 1340 μικρόν
1205 1279 1304 1343 φρον-

208 1355 284 1425 τίδα
311 1364 370 1424 τοῦ
397 1360 545 1424 λεκτικοῦ
566 1353 673 1422 τόπου
695 1355 946 1445 πεποιημένους.
972 1395 1010 1406 -—
1048 1351 1175 1445 οόδαμῇ
1196 1351 1226 1423 δ’
1248 1353 1305 1423 ου’-

209 1464 263 1529 όέν
283 1456 341 1527 ὑπ’
370 1457 502 1538 οόόενός
529 1453 630 1545 εόριὺν
656 1463 721 1524 τῶν
749 1455 910 1542 όνόματος
930 1453 1114 1549 η’ξιωμένων
1136 1453 1211 1525 oilae
1231 1466 1305 1542 μεῖ-

210 1565 262 1646 ζον
284 1559 350 1631 o'c'u'
372 1561 507 1631 ἔλαττον
535 1561 716 1644 συνταχθὲν
737 1558 785 1641 εἰς
805 1554 843 1650 ἣν
865 1560 927 1648 ἐγώ
951 1558 1136 1650 προῄρημαι
1152 1585 1305 1660 πραγμα-

207 1665 306 1734 τείαν·
329 1659 369 1745 ἃς
383 1665 419 1732 δέ
434 1661 636 1750 Χρύσιππος
657 1664 875 1732 καταλέλοιπε
897 1661 1062 1747 συντάξεις
1083 1663 1204 1744 διττὰς,
1228 1665 1304 1732 έπι-

208 1767 333 1857 γραφὴν
363 1765 507 1850 έχοόσας·
550 1766 633 1854 Περὶ
663 1773 722 1854 τῆς
750 1765 929 1850 συντάξεως
956 1772 1021 1832 τῶν
1049 1772 1109 1832 τοῦ
1129 1766 1225 1852 λόγου
1246 1794 1305 1851 με·

208 1876 281 1958 ρῶν·
316 1865 355 1936 οό
381 1869 548 1959 ῥητορικὴν
574 1867 718 1956 θεωρίαν
746 1867 893 1952 ἐχούσας,
926 1867 1010 1935 ἀλλὰ
1038 1869 1242 1961 διαλεκτικὴν
1265 1913 1303 1924 -

208 1969 360 2056 οὐδεμίαν
381 1967 456 2040 oliva
475 1971 597 2060 χρείαν,
622 1967 689 2038 οίίτ)
713 1967 874 2060 ιόιγέλειαν
896 1979 967 2052 τοῖς
987 1974 1175 2053 πολιτικοῖς
1196 1973 1305 2059 λόγοις

208 2075 479 2162 συμβαλλομένων
502 2115 541 2127 -
571 2072 691 2164 ταίτης
717 2075 777 2159 μὲν
805 2081 865 2164 τῆς
892 2071 1117 2164 πραγματείας
1145 2072 1303 2166 όπέστην.

207 2181 254 2246 Ι)ε
284 2181 459 2266 Chrysippo
483 2182 552 2264 janu
580 2201 678 2264 supra
711 2179 863 2258 vidimus,
900 2181 953 2245 sed
989 2181 1169 2246 accuratius
1197 2182 1236 2246 de
1267 2204 1305 2246 eo

206 2285 364 2369 agendum
393 2291 450 2349 est.
496 2283 543 2347 De
570 2283 741 2348 struendae
769 2284 922 2348 orationis
951 2282 1096 2348 doctrina
1125 2304 1196 2348 enm
1225 2285 1305 2351 hene

207 2387 369 2465 meruisse,
391 2407 430 2450 cx
446 2387 514 2478 ipso
530 2385 634 2450 indice
658 2407 788 2469 operum
811 2387 880 2470 ejus
896 2385 982 2471 apud
998 2385 1088 2468 Diog.
1105 2386 1209 2451 Laert.
1232 2388 1304 2467 VII,

210 2495 240 2553 7.
264 2495 415 2574 apparet3
438 2489 482 2554 ihi
505 2510 586 2573 quae
602 2489 756 2573 inscripta
769 2494 844 2553 sunt
865 2486 941 2570 περὶ
964 2492 1023 2576 τῆς
1044 2483 1222 2570 συντάξεως
1238 2494 1305 2554 τῶν

208 2590 388 2677 λεγομένων
409 2588 437 2657 d‘
460 2599 492 2657 et
513 2589 590 2677 περὶ
617 2596 676 2678 τῆς
697 2587 875 2672 συντάξεως
895 2588 950 2656 καὶ
974 2586 1143 2672 στοιχείων
1163 2596 1228 2655 τῶν
1250 2593 1303 2658 λε-

206 2694 349 2779 γομένων
370 2691 455 2780 πρὸς
479 2690 652 2760 Φίλιππον
673 2691 710 2779 γ’,
734 2701 843 2759 utrum
865 2695 976 2758 cadem
1000 2695 1065 2759 sint
1086 2715 1167 2778 quae
1186 2696 1303 2779 Diony-

205 2801 271 2865 sius
301 2797 425 2878 adfert,
461 2804 499 2863 ut
522 2797 630 2882 Aegid.
655 2797 821 2880 Monagius
846 2798 1003 2880 judicavit
1030 2801 1071 2881 (v.
1094 2803 1160 2862 not.
1184 2798 1303 2884 Uptoni

206 2902 247 2966 ad
271 2901 412 2984 Dionysii
433 2902 538 2966 locum
560 2902 613 2966 cit.
636 2901 667 2965 in
692 2900 768 2964 edit.
792 2899 915 2965 Schaef.
938 2923 969 2984 p.
987 2905 1059 2980 72).
1092 2919 1132 2963 an
1162 2899 1219 2964 illa
1240 2900 1302 2966 huo

206 3005 406 3089 pertineant,
440 3026 521 3088 quae
550 3004 637 3088 apud
659 3003 833 3085 Diogenem
855 3003 1018 3068 Laertium
1046 3003 1199 3087 inscripta
1227 3012 1302 3070 sunt

206 3103 283 3193 περὶ
303 3111 369 3172 τῶν
391 3101 557 3188 στοιχείων
578 3108 638 3170 τοῦ
659 3101 756 3187 λόγου
776 3103 831 3168 καί
853 3109 918 3170 τῶν
939 3103 1118 3189 λεγομένων
1139 3105 1157 3170 έ
1177 3111 1208 3170 et
1224 3105 1299 3192 περὶ

204 3213 269 3274 τῶν
297 3205 464 3291 στοιχείων
491 3214 550 3274 τοῦ
577 3205 672 3293 λόγου
694 3203 779 3291 πρός
800 3207 919 3274 Νικίαν
940 3205 976 3287 oi,
1010 3209 1049 3273 ad
1075 3229 1142 3274 reru
1165 3209 1197 3274 id
1219 3211 1298 3275 nihi

204 3313 290 3378 facit.
336 3313 398 3378 Sed
426 3333 466 3377 ne
492 3311 662 3395 Dionysius
691 3311 818 3395 quidem
848 3332 973 3377 omnem
1002 3312 1130 3377 laudem
1157 3315 1187 3376 ei
1208 3313 1301 3379 abro-

206 3421 268 3499 gat,
291 3437 363 3481 curn
386 3416 551 3501 perspicue
573 3415 669 3493 dicat,
693 3414 861 3498 Chrysippi
884 3421 1055 3500 praecepta
1075 3415 1155 3479 nihil
1178 3416 1300 3481 utilita-

160 3561 161 3564 ,
204 3519 248 3582 tis
262 3519 387 3584 adferre
409 3512 457 3595 εἷς
477 3521 553 3600 γοῦν
574 3511 691 3604 ἡδονὴν
711 3509 733 3603 ἢ
744 3511 864 3594 κάλλος
884 3512 1059 3606 ἑρμηνείας,
1083 3506 1127 3580 ὧν
1149 3517 1200 3584 δεῖ
1221 3541 1299 3585 στο-

204 3616 365 3702 χάζεσθαι
393 3619 451 3709 τὴν
479 3617 644 3686 σύνθεσιν.
695 3620 786 3699 Quod
814 3641 889 3685 vero
915 3621 1134 3705 gravissimum
1161 3629 1227 3702 est,
1260 3625 1299 3689 de

200 3723 287 3808 juste
310 3745 347 3788 ac
370 3729 453 3790 recte
482 3723 636 3788 orationis
665 3722 810 3808 partibus
838 3724 924 3788 inter
945 3743 978 3788 se
1000 3723 1192 3790 collocandis
1220 3731 1295 3792 ante

203 3826 389 3910 Dionysium
417 3826 472 3892 diu
501 3826 681 3911 quaesitum
704 3845 742 3890 ao
763 3825 961 3910 disputatum
990 3833 1054 3906 est,
1085 3827 1132 3891 ita
1159 3835 1195 3892 ut
1225 3830 1297 3893 nori

274 4083 295 4152 ¹)
332 4083 386 4137 cic.
410 4082 485 4136 Orat.
508 4088 550 4139 79.
574 4088 631 4139 172.
658 4087 715 4139 175.
741 4089 799 4140 192.
826 4089 883 4140 194.
902 4087 962 4139 218.
981 4089 1040 4140 228.
1077 4085 1113 4140 cf.
1131 4085 1245 4154 Quintil.
1263 4087 1296 4152 ΙΙ,

203 4170 256 4316 ἔζη)
268 4171 387 4312 lahayssss’
414 4175 504 4240 1,.14.
536 4173 581 4241 IV,
604 4178 629 4242 2,
655 4177 697 4229 63.
727 4173 774 4242 IX,
799 4176 824 4241 4,
848 4177 891 4228 87.
910 4177 953 4230 88.
988 4172 1092 4228 Theon.
1110 4174 1256 4246 Progymn.
1275 4175 1295 4229 1.
