3002 4788
740 297 782 365 22

218 483 342 573 μάλλον
364 485 498 571 πάντες,
538 482 617 552 άπὸ
639 491 708 574 τῆς
730 482 929 574 ἀληθείας
956 482 1312 574 ἀπεπλανήθησαν

220 589 275 658 καί
297 586 365 658 oriri
386 585 463 678 άναρ
485 584 581 672 εἶδον,
604 586 638 656 τί
660 584 736 655 ποτ’
758 587 829 654 ἐστὶ
850 585 889 653 τὸ
911 593 1029 654 ποιοῦν
1050 586 1160 677 ήάεῖαν
1174 587 1230 654 καὶ
1252 614 1311 654 κα-

220 692 277 783 λήν
297 693 355 783 τήν
378 691 542 760 σύνθεσιν.
588 695 667 760 Aliis
689 694 784 758 etiam
806 693 883 758 locis
905 693 1047 775 plurimis
1069 693 1112 758 ed
1121 693 1312 760 audiendum

219 799 452 882 compositionis
473 798 603 862 virtutos
624 797 734 861 referri
756 795 868 861 statuit
881 797 918 882 1).
960 795 1044 860 illud
1065 789 1223 882 αἴσθησις
1237 795 1314 861 Dio-

219 902 380 986 nysiacum
396 921 467 966 cum
481 901 600 985 legerit,
622 901 691 982 quis
714 899 837 982 estqui
858 919 921 963 non
944 898 1050 964 statim
1072 898 1110 964 de
1125 897 1313 964 Aristoxeno

221 1005 361 1088 cogitet?
405 1003 465 1081 Qui
485 1003 595 1068 eodem
618 1001 711 1066 modo
732 1001 839 1066 Harm.
862 1000 949 1066 elem.
965 1000 989 1080 1,
1011 1022 1041 1084 p.
1058 1001 1108 1065 32.
1131 1001 1224 1068 Meib.
1246 1023 1314 1068 mu-

222 1101 295 1173 sicis
317 1125 416 1190 paene
443 1106 589 1190 principii
617 1105 685 1170 loeo
714 1103 891 1171 habendam
918 1123 984 1168 esse
1011 1102 1089 1168 dicit
1110 1107 1167 1191 τῆς
1189 1098 1313 1190 αἰσθή-

219 1230 301 1288 σεως
322 1204 502 1296 άκρίβειαν,
533 1208 690 1289 adquam
712 1225 926 1289 quaecumque
947 1206 981 1270 in
1002 1206 1121 1271 musice
1143 1213 1231 1285 sunt,
1263 1229 1313 1273 re-

219 1313 364 1378 feruntur
394 1312 500 1376 omnia
529 1311 568 1392 (1,
598 1332 628 1393 p.
650 1309 701 1373 43.
733 1309 772 1374 cf.
794 1330 824 1392 p.
847 1309 907 1394 9.):
943 1310 990 1392 cp*
1022 1313 1168 1394 μουσικῷ
1201 1306 1313 1390 σχεδόν

219 1412 308 1479 ε’στιν
329 1408 425 1501 άρχῆς
447 1409 563 1494 έήηουσα
584 1408 674 1493 τάξιν
695 1405 714 1498 ή
736 1416 794 1497 τῆς
814 1405 1002 1498 αἰσθήσεως
1023 1403 1179 1496 άκρίβεια.
1222 1413 1314 1478 Hauc

219 1524 323 1584 autem
348 1517 535 1583 sententiam
557 1515 754 1580 Aristoxenei
774 1520 810 1578 ut
823 1514 1063 1579 fundamentum
1076 1514 1154 1580 artis
1176 1516 1313 1581 musicae

220 1620 370 1685 acerrime
391 1625 502 1685 contra
516 1617 720 1696 adversarios
742 1617 974 1701 Pythagoraeos
989 1617 1069 1697 dico,
1091 1617 1313 1697 defendebant,

220 1723 275 1806 qui
297 1724 330 1785 in
351 1723 474 1788 ratione
495 1743 568 1800 une,
589 1715 682 1806 λόγῳ,
705 1720 856 1785 musicam
877 1720 936 1784 uiti
956 1720 1150 1805 volebant2).
1195 1721 1314 1799 Quodsi

220 1825 315 1908 plane
336 1845 374 1890 ex
396 1824 596 1890 Ariostoxeni
625 1823 780 1888 sententia
807 1843 931 1888 sensum
953 1824 1056 1888 suavis
1078 1823 1312 1908 compositionis

215 1926 353 2012 judicem
381 1928 470 2006 facit,
508 1947 545 1991 eo
575 1927 674 2010 magis
703 1931 836 2009 apparet
857 1926 1041 2011 Dionysium
1070 1927 1244 1993 orationem
1271 1926 1314 1992 ed

220 2030 298 2095 artis
319 2031 455 2095 musicae
477 2036 645 2114 praecepta
666 2028 903 2094 accommodare
924 2050 1093 2111 eorumque
1115 2030 1157 2095 ad
1178 2031 1241 2095 vim
1264 2052 1314 2095 re-

223 2133 337 2217 digere,
358 2153 397 2198 ex
418 2133 467 2200 his
490 2134 592 2199 verbis
614 2156 644 2216 p.
667 2132 735 2210 ξολ,
758 2152 839 2214 quae
862 2131 900 2198 de
921 2133 1058 2198 musicae
1078 2131 1246 2198 virtutibus
1267 2133 1313 2198 lo-

220 2242 311 2302 cutus
331 2235 423 2302 facit:
460 2229 517 2300 οίκ
539 2227 694 2322 ἀλλοτρίην
724 2231 877 2320 κέχρημαι
904 2237 964 2299 τοῦ
984 2230 1175 2318 πράγματος
1196 2229 1311 2300 εἰκόνι·

220 2334 393 2425 μουσική
416 2334 475 2422 γάρ
497 2360 547 2416 τις
568 2327 606 2424 ήν
627 2332 716 2423 καλή
736 2340 801 2402 τῶν
816 2336 996 2403 πολιτικῶν
1011 2333 1114 2421 λόγων
1136 2334 1310 2425 ἐπιστήμη,

218 2445 265 2527 τῷ
293 2445 389 2526 ποσή
414 2437 652 2507 διαλλάττουσα
680 2443 738 2526 τής
764 2437 797 2504 ἐν
831 2433 931 2525 ᾠδαῖς
957 2436 1012 2504 καί
1043 2434 1205 2525 ὀργάνοις,
1243 2435 1314 2522 mixi

217 2549 264 2629 τῷ
286 2547 388 2629 ποιή·
426 2540 561 2631 καὶγὰρ
591 2540 625 2608 έν
653 2539 755 2630 ταάτη
780 2539 836 2607 καί
864 2539 962 2624 μέλος
988 2538 1114 2623 ἔχουσιν
1143 2537 1182 2607 αἴ
1199 2541 1310 2626 λέξεις,

218 2643 274 2711 καὶ
294 2642 421 2733 ῥυθμὸν
442 2644 497 2712 καὶ
518 2642 700 2732 μεταβολήν
722 2642 777 2710 καὶ
799 2643 946 2731 πρέπον·
970 2635 1053 2710 dore
1076 2641 1131 2711 καλ
1153 2642 1212 2710 ε’πί
1233 2641 1313 2711 ταί·

218 2773 275 2836 της
294 2745 314 2837 ή
337 2742 418 2838 άκοή
439 2749 595 2835 τέρπεται
615 2747 674 2832 μὲν
695 2752 766 2825 τοῖς
786 2747 930 2830 μέλεσιν,
954 2740 1066 2830 tyana
1088 2747 1123 2814 δέ
1138 2751 1209 2826 τοῖς
1229 2753 1313 2835 ῥυθ-

217 2856 308 2936 μοῖς,
342 2845 526 2933 άσπάζεται
547 2849 583 2916 δέ
604 2848 663 2929 τὰς
685 2846 881 2934 μεταβολάς,
920 2852 1027 2915 ποθεῖ
1048 2847 1077 2916 δ’
1100 2847 1158 2916 ἐπὶ
1180 2846 1313 2918 πάντων

218 2952 256 3020 τὸ
280 2949 414 3020 οἰκεῖον·
443 2949 462 3042 ή
485 2953 521 3020 δέ
543 2951 699 3040 διαλλαγή
729 2949 812 3017 κατὰ
832 2949 870 3017 τὸ
891 2952 1016 3034 μάλλον
1037 2951 1092 3018 καί
1114 2944 1220 3042 ήττον.
1265 2954 1314 3021 si·

218 3059 324 3124 milem
345 3059 428 3124 inter
449 3057 600 3123 musicam
626 3063 658 3122 et
678 3057 852 3122 orationem
872 3055 1048 3138 pedestrem
1070 3058 1223 3124 rationem
1246 3057 1313 3142 ipse

220 3159 424 3226 Aristoxenus
444 3160 542 3226 Elem.
564 3159 665 3226 herm.
688 3159 713 3239 1,
735 3181 765 3243 p.
789 3159 818 3223 3.
840 3157 933 3225 Meib.
955 3160 1079 3225 statuit:
1118 3163 1249 3246 πρῶτον
1271 3155 1311 3209 -4

222 3369 424 3377 ———-—--.-..--

290 3481 311 3547 ¹)
346 3499 372 3550 p.
391 3482 433 3534 41.
464 3476 496 3532 οὐ
519 3473 610 3530 πάντα
635 3495 667 3548 με
688 3475 758 3548 μετὰ
791 3475 902 3531 πάντων
925 3482 1057 3551 τιθέμενα
1081 3477 1182 3550 ὁμοίως
1207 3484 1313 3552 πέφυκε

221 3567 376 3622 διατιθέναι
391 3565 439 3625 τὰς
458 3563 574 3628 ἀκοάς,
593 3584 620 3635 p.
638 3570 681 3620 48.
699 3563 866 3637 βραχύτερον
881 3571 931 3620 τοῦ
948 3567 1059 3627 (λέοντος
1076 3562 1110 3620 ὃν
1127 3571 1174 3620 καὶ
1191 3567 1244 3639 οὐχ
1260 3567 1314 3636 ήάλι

221 3655 450 3721 ἀκουσθῆναι,
468 3659 502 3727 τῇ
519 3650 665 3726 προσθήκη
683 3651 766 3726 ταὺτη
778 3658 921 3724 γεγένηται
930 3659 1114 3728 χαριέστερον,
1134 3675 1160 3725 p.
1174 3660 1214 3712 55.
1234 3659 1313 3728 ἔφην,

221 3741 270 3811 τήν
292 3740 376 3810 ήκοήν
399 3739 517 3808 ἥδεσθαι
548 3746 656 3813 πρῶτον
685 3743 738 3812 μὲν
762 3747 819 3800 τοῖς
835 3745 957 3812 μέλεσιν,
988 3744 1083 3797 ἔπειτα
1116 3749 1172 3802 τοῖς
1197 3746 1315 3818 ῥυθμοῖς

222 3834 285 3895 κτλ,
303 3850 330 3900 p.
348 3835 391 3886 68.
408 3827 483 3884 ταῦτ’
503 3833 596 3901 οἴομαι
605 3825 707 3901 χρήναι
727 3825 871 3900 φυλάττειν
888 3831 918 3884 ἐν
936 3836 969 3903 τή
981 3833 1109 3885 συνθέσει
1120 3829 1169 3885 τὸν
1179 3835 1314 3904 μέλλοντα

222 3915 367 3986 διαθήσειν
385 3914 536 3984 τήν,άιιοήν
554 3914 649 3984 ἡδέως·
682 3913 716 3969 τὰ
732 3913 831 3987 εὐμελῆ
852 3921 898 3970 καὶ
916 3913 1039 3988 εὔρυθμα
1058 3921 1104 3972 καὶ
1122 3915 1231 3990 εἰίφωνα
1250 3915 1315 3972 ὀνό-

222 4027 305 4081 ματα,
324 4002 370 4077 ὑφ’
390 3995 428 4058 ὧν
445 4007 619 4075 γλυκαίνεταί
634 4022 662 4058 τε
681 4007 728 4056 καὶ
744 4001 916 4076 μαλάττεται,
935 4003 1030 4058 καὶτὸ
1048 4003 1112 4060 ὅλον
1131 4009 1234 4064 οἰκείως
1251 4006 1314 4060 (λια-

223 4100 330 4150 τίθεται
348 4091 364 4160 ή
383 4096 563 4157 αἴσθησις,
582 4090 657 4144 ταῦτ’
677 4088 800 4158 ἀλλήλοις
818 4092 1020 4166 συναρμόττειν.

293 4208 315 4280 ²)
350 4207 501 4280 Westphel‚
520 4207 626 4265 Griech.
644 4207 795 4262 Hermonik
813 4226 840 4276 p.
859 4212 919 4264 236.
