3002 4788
718 297 760 364 25

195 492 278 575 leges
300 489 342 554 ad
364 487 498 553 solutam
520 488 693 552 orationem
715 487 900 566 extenderit,
921 509 984 553 non
1006 486 1134 551 dubium
1156 483 1288 563 videtur,

195 594 272 676 quin
294 598 404 658 auctor
425 590 519 656 brerit
541 598 572 656 et
594 590 744 675 Dionysio
766 598 798 657 et
821 591 979 674 omnibus,
1015 590 1069 673 qui
1094 588 1135 654 ad
1157 589 1289 654 musices

195 696 279 781 leges
308 714 482 760 sermonem
509 693 728 760 distinxerunt.
771 695 877 762 Etiam
901 694 957 759 illa
983 693 1022 759 de
1051 713 1150 776 comp.
1182 691 1287 757 verbb.

196 821 226 883 p.
250 797 300 863 64.
344 796 486 883 Dionysii
515 797 652 862 studium
678 797 712 862 in
739 804 807 864 arte
835 799 954 865 musica
974 797 1164 864 collocatum
1185 802 1289 861 osten-

197 901 286 979 dunt,
307 921 388 982 quae
409 899 448 965 de
468 906 644 984 temporum
666 899 914 986 rhythmicorum
934 903 968 967 in
990 900 1127 985 pedestri
1149 899 1290 965 oratione

197 1009 228 1070 et
249 1004 283 1069 in
304 1002 430 1068 musicis
452 1002 598 1087 operibus
619 1003 798 1071 discrimine
824 1005 933 1072 refert:
970 998 988 1092 ἦ
1016 1000 1097 1091 πεζὴ
1127 1001 1212 1084 λέξις
1233 995 1289 1066 οὐ·

198 1102 289 1184 δετὰς
309 1098 375 1170 οὔτ’
397 1098 572 1188 ὀνόματος,
606 1098 681 1172 οὔτε
701 1101 855 1194 ῥήματος,
886 1100 1033 1191 βιάζεται
1054 1103 1130 1184 τοὺς
1149 1101 1288 1193 χρόνους,

198 1203 274 1276 οὐδὲ
294 1203 528 1296 μετατίθησιν·
564 1202 635 1274 ἀλλ’
656 1209 729 1288 οἵας
750 1205 932 1298 παρείληφε
952 1213 993 1296 τῇ
1014 1205 1111 1296 φάσει
1131 1205 1191 1287 τὰς
1212 1209 1289 1273 σολ-

198 1308 300 1396 λαβὰς
319 1307 379 1390 τάς
398 1334 435 1376 τε
455 1308 580 1398 μακρὰς
601 1307 736 1391 καὶτὰς
755 1308 920 1400 βραχείας,
945 1307 1099 1390 τοιαύτας
1119 1307 1290 1400 φυλάττει·

198 1411 275 1503 ἡδὲ
304 1410 448 1502 deducar>
478 1412 533 1480 καὶ
560 1412 698 1504 μουσικὴ
725 1412 983 1500 μεταβάλλουσιν
1012 1407 1112 1494 αὐτὰς
1139 1419 1291 1498 μειοῦσαι

197 1515 252 1583 καὶ
274 1510 438 1600 αάξουσαι,
463 1512 546 1584 ὥστε
568 1514 728 1597 πολλάκις
749 1513 797 1597 εἰς
817 1512 972 1585 τάναντία
992 1521 1194 1603 μεταχωρεῖν.
1240 1519 1291 1585 Sic

196 1624 293 1707 igitur
315 1643 335 1688 a
357 1621 505 1708 Dionysio
527 1621 700 1690 modulatio
728 1628 760 1687 et
786 1643 935 1688 numerus
960 1643 1089 1706 prorsus
1109 1623 1143 1687 in
1165 1643 1291 1706 compo·

198 1726 344 1790 sitionem
364 1724 493 1790 inducta
514 1731 605 1803 sunt,
641 1725 750 1792 eodem
779 1724 844 1792 iere
864 1725 921 1791 illa
949 1725 1128 1804 commodo,
1165 1746 1228 1808 que
1250 1724 1291 1790 ab

199 1827 385 1894 Aristoxeno
406 1827 440 1893 in
466 1829 618 1894 musicam
645 1834 762 1908 artem3
799 1830 838 1894 cf.
860 1829 989 1908 Quintil.
1011 1829 1036 1908 l,
1061 1830 1109 1908 10,
1131 1830 1186 1894 22:
1229 1828 1292 1894 Vo-

199 1931 244 1997 cis
269 1931 423 1997 rationem
446 1931 651 2000 Aristoxenus
677 1931 814 2000 musicus
843 1932 954 1998 dividit
978 1932 1011 1998 in
1032 1929 1160 2019 ῥυθμὸν
1181 1938 1211 1998 ελ
1232 1929 1291 2014 με’-

159 2067 161 2073 *
200 2033 255 2112 λος
269 2029 435 2120 ἔμμετρον.
476 2034 615 2112 Quorum
628 2034 763 2102 alterum
778 2034 1000 2115 modulatione,
1021 2056 1136 2101 canore
1159 2035 1293 2101 alterurn

198 2159 236 2204 ec
259 2139 344 2203 sonis
366 2143 520 2203 constat.“
563 2137 623 2203 Sed
644 2140 744 2222 repeti
766 2159 892 2206 necesse
913 2160 977 2203 non
999 2145 1056 2216 est,
1078 2159 1159 2221 quae
1180 2137 1220 2204 ab
1235 2137 1293 2203 ho·

199 2241 335 2306 minibus
357 2240 458 2306 doctis
480 2240 518 2306 de
540 2239 726 2307 Aristoxeno
748 2243 911 2325 explorata
931 2247 1013 2307 sunt.

284 2343 356 2409 Jam
386 2342 563 2422 uideamus,
599 2345 675 2427 quid
697 2345 736 2410 de
757 2345 899 2431 Dionysii
931 2345 970 2410 de
992 2345 1154 2410 literarum
1176 2350 1207 2409 et
1229 2345 1292 2427 syl-

201 2446 345 2512 labarum
380 2446 485 2513 indole
518 2448 673 2514 sententia
705 2448 913 2532 judicandum
946 2448 1003 2526 sit,
1039 2468 1172 2529 quarum
1208 2448 1294 2513 sonis

200 2547 292 2615 aures
314 2550 450 2616 suaviter
471 2549 555 2615 affici
576 2551 630 2615 ait.
674 2554 777 2634 Atque
798 2573 835 2617 eo
849 2551 985 2634 quidem,
1009 2550 1093 2633 quod
1107 2551 1294 2615 sententiam

202 2673 290 2718 suam
312 2673 464 2718 essenon
485 2653 597 2732 innuit,
620 2674 690 2719 oum
712 2673 776 2719 non
798 2654 848 2720 his
869 2654 986 2720 verbis:
1008 2653 1099 2718 δοκεῖ
1120 2676 1178 2736 μοι
1200 2658 1231 2718 ελ
1252 2653 1293 2717 si-

200 2754 327 2822 milibus
363 2775 431 2820 eam
462 2755 593 2835 inierat,
630 2756 764 2822 alionum
800 2758 977 2825 doctrinam
1012 2757 1111 2840 repeti
1147 2755 1293 2823 ostendit.

201 2859 288 2936 Quae
308 2865 414 2924 autam
436 2879 504 2943 cap.
530 2858 577 2922 14.
600 2859 639 2924 de
660 2859 823 2926 literarum
844 2862 1013 2946 partitione
1035 2859 1120 2940 dicit,
1143 2881 1182 2925 ex
1203 2865 1293 2944 parte

201 2961 285 3046 apud
306 2962 408 3046 ipsum
429 2961 592 3028 Platonem
613 2963 646 3028 in
668 2961 796 3048 Gratylo
818 2963 1032 3048 disputantur,
1053 2984 1092 3029 ex
1112 2970 1203 3047 parte
1224 2963 1295 3029 Ari·

201 3065 324 3130 stcxeni
345 3070 432 3145 sunt,
468 3070 504 3131 ut
525 3065 640 3132 diserte
666 3065 807 3132 declarat
825 3068 860 3150 ¹).
903 3067 990 3143 Quae
1016 3065 1142 3149 quidem
1174 3071 1209 3130 ut
1230 3087 1294 3131 me·
1345 3102 1350 3114 ·

201 3168 272 3235 trioi
302 3168 410 3252 scripti
438 3175 561 3254 partem
583 3168 747 3254 Westphal
767 3169 891 3254 Fragm.
922 3169 978 3236 der
1005 3168 1121 3254 griech.
1144 3168 1293 3254 Rhythm.

201 3294 231 3355 p.
257 3272 305 3336 11.
329 3294 368 3338 ex
389 3271 566 3337 Aristoxeni
588 3293 691 3357 opere,
713 3272 887 3355 quoderat
909 3267 1073 3356 σομμιιιτὰ
1096 3267 1292 3354 συμποτικά,

202 3375 316 3442 hausta
336 3395 404 3442 esse
425 3379 531 3459 putat3
550 3375 590 3441 de
611 3396 675 3458 quo
696 3376 733 3442 cl.
757 3377 869 3443 Athen.
885 3375 967 3456 XIV,
989 3376 1086 3442 sesa.
1130 3375 1293 3454 Quaestio-

203 3559 403 3574 ——.......

202 3679 230 3715 τε
250 3658 297 3714 διὰ
313 3665 360 3728 τῆς
378 3656 530 3732 ἀνθρώπου
548 3663 641 3730 φωνῆς
658 3661 821 3730 γινομένην,
851 3659 898 3710 ταί
915 3653 965 3724 τὴν
983 3652 1030 3708 διὰ
1048 3659 1101 3708 univ
1118 3652 1243 3727 ὀργάνων
1262 3686 1294 3696 -

203 3752 334 3822 φαίνεταί
348 3768 375 3802 τι
390 3753 525 3821 μέγιστον
540 3746 611 3800 εἶναι
628 3750 683 3800 ταῖν
701 3743 867 3818 συμφώνων·
892 3749 973 3798 τοῦτο
991 3743 1017 3797 <³⁰
1036 3740 1143 3799 ἔστιτὸ
1162 3741 1209 3796 διὰ
1227 3747 1295 3797 πίν-

201 3855 238 3901 τε,
258 3834 352 3891 καὶτὸ
371 3837 414 3898 δίς
431 3834 479 3890 διὰ
499 3841 603 3890 πασῶν.

274 3953 294 4020 ¹)
329 3953 359 4006 L.
379 3970 401 4007 c.
420 3955 474 4003 τῶν
493 3954 635 4019 στοιχείων
656 3953 746 4003 τεκαὶ
770 3943 939 4021 γραμμάτων
957 3946 989 3999 οὐ
1005 3951 1058 4018 μία
1076 3943 1186 3998 πάντων
1204 3942 1294 4016 φάσις,

203 4037 336 4111 διαφοραὶ
355 4037 381 4092 d’
399 4038 503 4092 αὐταῖν·
523 4035 616 4109 πρώτη
633 4042 698 4109 μέν,
718 4034 753 4096 ὡς
765 4033 944 4109 Ἀριστόξενος
960 4033 975 4088 ὁ
993 4031 1123 4106 μουσικὸς
1141 4033 1295 4105 ἀποφαίνε-

201 4144 254 4190 ται,
273 4126 337 4181 καθ’
363 4123 397 4195 ἣν
418 4124 452 4180 τὰ
474 4127 527 4198 μὲν
552 4123 645 4198 φοιτὰς
668 4125 806 4188 ἀποτελεῖ,
836 4122 869 4177 τὰ
888 4123 919 4179 δὲ
944 4122 1054 4196 ψόφοις
1071 4153 1104 4164 -
1140 4119 1242 4194 θάτερα
1263 4120 1295 4178 δὲ

201 4212 337 4288 ἡμίφωνα.
