3002 4788
720 246 761 311 29

284 437 495 504 Consideratis
516 437 611 520 igitur
632 436 730 501 literis
752 441 783 499 et
812 436 956 520 syllabis,
994 437 1075 503 unde
1103 435 1198 502 verba
1225 435 1291 501 effi-

199 545 340 619 ciuntur,
376 564 407 624 p.
429 541 479 604 96.
503 539 744 622 disputationem
772 559 809 603 eo
837 539 939 605 redire
965 545 1208 606 consentaneum
1234 544 1290 616 est,

198 643 285 728 quod
306 643 510 726 comprobare
531 642 699 726 Dionysius
720 642 781 707 sibi
801 645 974 726 proposuit,
995 665 1063 708 eam
1086 641 1290 707 elocutionem

199 769 267 814 esse
288 747 470 830 pulchram,
504 767 584 828 quae
606 767 645 810 ex
666 745 768 809 verbis
789 746 935 827 gravibus
957 767 994 810 ao
1017 746 1168 828 dignitate
1189 745 1290 827 plenis

199 857 338 928 constet,
374 857 406 913 et
427 871 465 914 ex
486 850 530 914 eis
552 848 654 914 verbis
675 865 849 912 sermonem
871 869 997 913 suavem
1025 846 1174 926 evadere,
1210 868 1290 930 quae

199 955 352 1018 suavitate
378 972 470 1016 aures
499 951 700 1035 perfundant.
743 950 810 1016 Hoc
836 952 932 1034 igitur
960 951 1126 1017 discrimen
1154 951 1187 1015 in
1213 950 1291 1014 due-

199 1057 258 1122 bns
277 1056 341 1119 illis
363 1053 487 1120 dicendi
509 1054 672 1136 generibus
694 1054 892 1136 perspicuum
921 1059 983 1131 est,
1020 1074 1101 1136 quae
1123 1053 1291 1136 Dionysius

199 1180 288 1241 capp.
311 1158 360 1222 22.
382 1157 433 1220 23.
456 1155 618 1235 describit,
653 1157 687 1220 in
708 1157 795 1239 gravi
816 1163 847 1221 et
867 1157 953 1221 tenui
976 1157 1024 1222 vel
1045 1154 1143 1239 polito
1164 1153 1290 1220 florido·

199 1282 274 1342 que3
310 1260 422 1343 quibus
443 1259 586 1337 tertium,
608 1259 708 1324 altero
730 1281 801 1324 cum
823 1259 923 1324 altero
946 1261 1131 1344 conjuncte,
1168 1259 1291 1323 accedit

198 1385 266 1447 cap.
288 1364 339 1428 24.
383 1361 477 1428 Redit
497 1361 593 1445 igitur
622 1382 659 1426 eo
685 1362 871 1445 disputati0‚
908 1362 993 1444 quod
1019 1363 1085 1446 ipse
1107 1362 1226 1426 Auctor
1248 1361 1290 1426 ad

197 1467 334 1532 Herenn.
367 1465 558 1532 Graecorum
593 1465 737 1530 doctrina
773 1463 915 1530 adhibita
948 1463 1000 1543 IV,
1023 1464 1053 1544 8,
1078 1465 1126 1528 11.
1164 1465 1290 1530 statuit:

196 1569 298 1648 „Sunt
318 1569 414 1652 igitur
434 1569 497 1633 tria
517 1588 647 1652 genera,
684 1587 765 1648 quae
792 1589 907 1651 genera
933 1587 991 1632 nos
1012 1565 1128 1650 figuras
1150 1567 1291 1651 appella-

197 1691 277 1750 mus,
299 1669 466 1752 inquibus
488 1671 588 1734 omnis
610 1671 710 1734 oratio
732 1690 796 1734 non
816 1669 928 1734 vitiosa
950 1670 1158 1748 consumitur3
1194 1691 1301 1752 unam

198 1794 341 1855 grauem,
377 1777 508 1838 alteram
532 1772 736 1850 mediocrem,
769 1772 895 1837 tertiam
916 1778 1111 1838 attenuatam
1134 1792 1289 1837 vocamus.

200 1874 311 1941 Gravis
333 1882 389 1954 est,
411 1897 491 1957 quae
513 1881 638 1940 constat
652 1896 690 1938 ex
705 1877 864 1938 carlorum
883 1875 1027 1958 proeium
1043 1875 1122 1938 laevi
1135 1884 1165 1938 at
1178 1883 1290 1939 ornata

199 1980 432 2044 constructione.
476 1977 642 2042 Mediocris
664 1985 721 2056 est,
743 1998 823 2058 quae
845 1982 970 2042 constat
990 1999 1029 2042 ex
1050 1977 1215 2042 humiliore
1236 1999 1291 2042 ne-

198 2101 258 2162 que
279 2087 385 2146 tamen
408 2103 446 2146 ex
460 2079 569 2145 infima
583 2085 615 2144 et
629 2080 899 2163 pervulgatissima
913 2079 1075 2164 dignitate.
1121 2085 1291 2146 Attenuata

197 2189 262 2263 est,
298 2204 379 2266 quae
400 2183 535 2248 demissa
556 2188 723 2265 estusque
744 2182 786 2247 ad
807 2183 1043 2248 usitatissimam
1068 2183 1139 2267 puri
1162 2203 1291 2248 consue-

198 2285 339 2351 tudinem
368 2286 550 2351 sermonis.“
594 2288 741 2350 Attamen
770 2285 946 2350 accuratius
979 2284 1195 2367 inspicientem
1226 2306 1291 2349 non

199 2387 311 2470 fugiet,
342 2388 402 2454 hoc
424 2389 505 2454 inter
527 2394 694 2470 utrumque
720 2389 884 2467 interesse,
921 2393 956 2452 ut
978 2387 1145 2472 Dionysius
1167 2387 1291 2452 dicendi

199 2511 315 2573 genera
337 2511 375 2555 ex
402 2492 481 2556 artis
508 2491 709 2556 harmonicae
739 2491 861 2574 legibus
889 2491 993 2574 potius
1015 2490 1203 2574 distinguat,
1238 2490 1292 2555 ille

199 2598 319 2672 contra,
341 2594 421 2658 sicut
442 2593 566 2671 Cicero,
600 2593 785 2677 dignitatem
808 2614 888 2676 quae
909 2594 942 2656 in
963 2593 1066 2658 verbis
1087 2594 1170 2658 inest
1190 2593 1293 2659 consi-

198 2695 295 2760 deret.

281 2797 354 2863 Jam
374 2799 470 2882 igitur
490 2799 532 2864 ad
560 2819 724 2864 numerum
753 2799 904 2864 orationis
925 2805 1130 2864 transeamus.
1173 2798 1292 2884 Diony-

200 2901 263 2965 sius
293 2923 360 2984 cap.
386 2901 423 2967 ll
453 2903 495 2966 in.
523 2902 597 2967 hinc
623 2901 847 2985 proficiscitur:
890 2905 966 2965 Πᾶν
994 2893 1097 2983 ὄνομα
1125 2898 1180 2964 καὶ
1207 2905 1292 2988 ῥῆμα

198 3000 255 3068 καὶ
283 2995 362 3067 dato
391 2999 504 3090 arripior
530 3004 659 3086 λέξεως,
687 2999 760 3068 ὅτι
785 3001 829 3091 μὴ
850 2999 1095 3088 μονοσύλλαβόν
1117 3001 1219 3085 ἐστιν,
1258 3002 1291 3068 ἒν

199 3109 317 3192 ῥυθμῷ
337 3129 402 3170 τινι
423 3104 558 3190 λέγεται.
603 3107 693 3184 Quod
714 3107 756 3172 ad
777 3109 899 3172 numeri
925 3107 1101 3172 doctrinam
1122 3112 1196 3172 ante
1216 3106 1293 3170 Dio-

199 3209 322 3293 nysium
350 3208 509 3274 inventam
536 3211 687 3294 pertinet,
724 3211 832 3292 paucis
859 3209 1167 3293 comprehendamus.
1212 3208 1293 3273 Con-

200 3317 265 3376 stat
286 3312 368 3376 enim
389 3317 508 3377 veteres
528 3312 670 3378 rhetores
698 3333 862 3378 numerum
892 3314 1043 3378 orationis
1064 3311 1227 3396 pedestris,
1239 3333 1292 3376 ex-

201 3415 379 3496 quisivisse,
402 3414 668 3499 Thrasymachum
690 3436 760 3481 eum
781 3415 936 3480 invenisse
958 3413 1065 3480 Cicero
1086 3415 1200 3494 tradit,
1237 3414 1292 3480 sed

201 3517 282 3580 nihil
311 3517 349 3582 de
381 3537 417 3582 eo
444 3517 579 3600 amplius
597 3522 633 3603 ¹).
676 3518 844 3604 Dionysius
872 3523 975 3582 autem
1006 3518 1091 3598 quod
1112 3517 1216 3600 addit:
1252 3515 1290 3583 τὸ

202 3612 280 3684 αὐτὸ
303 3620 392 3684 καλῶ
414 3615 504 3684 πόδα
525 3617 580 3683 καὶ
602 3617 738 3706 ῥυθμόν,
765 3641 829 3684 non
859 3621 925 3684 sine
950 3640 1046 3684 causa
1065 3620 1143 3684 illud
1166 3621 1291 3702 quidem

201 3722 291 3787 facit:
315 3743 388 3786 nam
410 3723 436 3787 si
457 3723 678 3788 Aristoxenum
699 3724 839 3807 proxime
861 3723 948 3806 sequi
969 3722 1131 3802 voluisset,
1153 3723 1191 3788 de
1214 3724 1291 3807 pede

201 3831 325 3890 tantum
347 3826 484 3909 cogitare
506 3831 647 3908 poterat,
676 3847 746 3891 cum
767 3827 821 3891 ille
842 3826 1024 3910 rhythmum
1045 3825 1156 3892 seriem
1177 3825 1291 3907 pedum

275 4066 294 4133 ¹)
329 4065 410 4124 of.'O.
429 4065 459 4118 F.
477 4063 625 4118 Hermann.
649 4065 666 4120 l.
684 4083 707 4118 o.
731 4066 785 4118 Cio,
810 4061 883 4118 Orat.
904 4067 945 4127 52,
975 4068 1032 4118 175.
1063 4063 1176 4130 Quintil.
1200 4063 1290 4133 IX,4‚

203 4154 238 4205 45
252 4169 309 4220 sqq.
326 4153 440 4206 Aristot.
459 4151 528 4206 rhet.
547 4152 594 4220 ΙΙΙ,
613 4155 638 4205 8.
