3002 4788
804 317 843 376 16

272 501 369 585 igitur
395 499 561 585 professio,
592 518 663 563 enm
693 499 876 563 brevissime
901 500 934 563 in
956 500 1037 564 duas
1062 506 1171 584 partes
1200 500 1364 586 dividatur,

272 609 381 667 recte
408 601 601 684 loquendi
623 602 836 667 scientiam
859 607 892 666 et
913 608 1116 685 poetarum
1144 609 1366 672 enarratio·
1444 652 1445 678 ,

272 725 370 785 uem,
401 704 474 788 plus
495 704 593 769 habet
613 705 647 769 iu
670 723 796 768 recessu
817 725 914 788 quam
936 705 1042 769 fronte
1064 708 1243 788 promittat.
1289 711 1364 777 Nam
1445 714 1446 774 l

271 813 304 873 et
325 806 529 872 scribendi
550 807 653 871 ratio
675 807 845 889 conjuncta
867 829 939 872 cum
961 808 1120 892 loquendo
1143 815 1202 889 est,
1224 817 1258 874 et
1281 833 1365 878 enar·

270 912 426 975 rabonem
449 908 612 993 praecedit
632 908 801 974 emendata
822 909 930 989 lectio,
968 916 1001 973 et
1027 911 1163 975 mixtum
1192 911 1243 976 his
1272 918 1369 980 omni-

270 1014 329 1078 bus
348 1012 540 1095 judicium
563 1017 626 1076 est:
658 1033 721 1096 que
743 1012 871 1095 quidem
893 1013 940 1077 ita
962 1032 1069 1077 severe
1091 1020 1167 1078 sunt
1181 1015 1233 1078 usi
1249 1021 1370 1083 veteres

270 1116 484 1199 grammatici,
518 1120 641 1178 utnon
664 1135 773 1179 versus
798 1114 892 1180 modo
914 1116 1059 1179 censoria
1080 1117 1221 1199 quadam
1244 1121 1368 1204 virgula

269 1224 383 1284 notare
410 1224 442 1282 et
469 1217 584 1296 libros,
618 1218 673 1301 qui
699 1216 781 1282 falso
808 1217 993 1282 viderentur
1018 1219 1178 1302 inscripti,
1211 1226 1366 1305 tanquam

268 1321 412 1386 subditos
434 1337 630 1385 summovere
652 1319 775 1384 familia
796 1321 999 1404 permiserint
1021 1321 1098 1401 sibi,
1136 1322 1191 1387 sed
1221 1333 1368 1392 auctores

269 1425 349 1490 alios
370 1425 404 1488 in
427 1422 570 1487 ordinem
596 1422 777 1506 redegerint
803 1421 883 1487 alios
909 1424 1037 1488 omniuo
1058 1427 1236 1491 exemerint
1256 1449 1368 1493 nume-

267 1533 336 1594 rc.“
378 1527 467 1590 Haec
489 1525 560 1590 ideo
583 1526 761 1590 accuratius
782 1525 994 1608 adposuimus,
1017 1532 1054 1590 ut
1077 1527 1363 1595 Alexandrinorum

267 1630 510 1714 grammaticam
532 1629 565 1692 in
587 1629 773 1692 memoriam
794 1648 1022 1693 revocaremus.
1067 1629 1161 1696 Hauc
1182 1633 1278 1716 igitur
1293 1635 1362 1698 Ari-

235 1764 239 1770 ·
267 1732 405 1798 starchei
432 1752 489 1815 per
517 1731 643 1814 longam
672 1751 827 1795 annorum
857 1731 969 1795 seriem
999 1733 1204 1814 exercebant,
1238 1757 1310 1800 cum
1331 1743 1363 1802 et
1461 1733 1463 1824 ζ

267 1837 345 1920 ipsis
366 1832 641 1920 philosophorum,
675 1833 811 1898 maxime
834 1832 1028 1912 Stoicorum,
1058 1835 1097 1899 de
1119 1841 1273 1903 sermonis
1295 1839 1365 1903 fun-
1463 1862 1464 1890 ν

267 1937 426 2004 dementis
454 1936 657 2020 quaestiones
686 1934 925 2019 amplectendae
955 1935 1093 2002 luerunt.
1139 1937 1243 2002 Unum
1273 1947 1367 2006 extat
1465 1989 1466 2010 r

268 2041 403 2125 duplicis
431 2039 517 2105 illius
547 2038 774 2122 grammaticae
806 2037 992 2122 disciplinae
1024 2041 1195 2124 specimen,
1230 2061 1270 2104 ea
1299 2047 1363 2109 Ars
1466 2053 1468 2137 ζ

265 2144 488 2230 grammatica,
518 2161 600 2225 quae
626 2138 777 2223 Dionysio
798 2140 914 2205 Thraci
944 2141 1102 2207 tribuitur.
1145 2141 1181 2206 ln
1204 2163 1269 2225 qua
1292 2165 1358 2210 non
1468 2182 1469 2202 r

267 2247 361 2312 modo
383 2253 453 2312 octo
476 2244 631 2309 orationis
654 2248 774 2328 partes,
803 2235 921 2325 ὄνομα,
945 2246 1046 2330 ῥῆμα,
1068 2240 1196 2331 μετοχή,
1219 2237 1356 2332 ἄρθρον,
1469 2244 1470 2263 ’

265 2343 458 2430 ἄντωνομία,
482 2343 655 2432 πρόθεσις,
679 2341 850 2431 aulaeque,
875 2341 1060 2429 σύνδεσμος,
1077 2369 1155 2431 quas
1169 2349 1275 2432 ipsum
1291 2352 1363 2415 nn·
1471 2429 1472 2438 ἵ

266 2452 427 2519 starchum
459 2450 643 2516 discrevisse
673 2447 842 2513 verisimile
872 2455 921 2512 est
954 2450 1006 2530 (cf.
1036 2449 1194 2515 Steinthal
1221 2451 1243 2516 l.
1273 2475 1300 2517 e.
1331 2477 1363 2538 p.
1471 2445 1472 2448 ¹

266 2561 351 2634 570),
374 2575 413 2619 ex
435 2551 696 2638 philosophorum
719 2556 752 2614 et
772 2551 1051 2634 grammaticorum
1073 2553 1249 2638 disciplinis
1273 2563 1362 2634 (nam

264 2659 394 2742 utrique
417 2656 535 2720 adeas
561 2653 748 2719 statuendas
776 2653 989 2738 contulerant)
1020 2656 1208 2738 conjunctae
1230 2657 1361 2721 tradun-

265 2768 328 2841 tur,
350 2761 436 2826 etin
460 2779 514 2822 eas
536 2756 731 2835 dividuntur,
755 2777 837 2840 quae
858 2755 992 2821 flexione
1014 2778 1111 2841 quarn
1133 2758 1245 2823 dieunt
1259 2779 1362 2842 gram-

265 2864 415 2929 maticam
436 2866 615 2940 mutantur,
647 2880 763 2942 easque
785 2879 867 2942 quae
889 2881 952 2923 non
974 2867 1155 2940 mutantur,
1188 2861 1365 2926 sedetiam

265 2965 377 3032 critica
397 2985 451 3028 ars
472 2964 506 3027 in
536 2962 743 3046 scriptoribus
770 2963 948 3027 exercenda
973 2968 1010 3027 ut
1031 2983 1156 3026 summa
1179 2967 1366 3046 grammati·

264 3089 373 3134 corum
396 3065 621 3152 praemittitur.
661 3064 851 3148 Quanquam
874 3085 1031 3148 quaenam
1052 3067 1254 3148 grammatici
1276 3067 1364 3131 illius

266 3171 409 3254 Dionysii
440 3169 518 3249 sint,
548 3189 631 3251 quae
652 3187 733 3247 non,
766 3166 806 3232 ad
829 3167 985 3251 liquidum
1007 3168 1149 3233 nondum
1171 3170 1364 3253 perductum

265 3281 330 3340 est:
368 3272 407 3338 ef.
428 3272 468 3337 de
497 3271 558 3335 hae
580 3272 658 3335 Arte
680 3271 812 3355 ejusque
840 3271 1138 3356 interpolationibus
1160 3271 1364 3338 Schoemann

264 3379 298 3442 in
320 3374 557 3442 Prooemlnd.
579 3372 665 3437 lectt.
701 3373 930 3457 Gryphiswald.
958 3380 1047 3438 1841.
1092 3375 1134 3439 M.
1161 3375 1309 3441 Schmidt
1329 3379 1363 3441 in

263 3477 377 3544 Philol.
401 3477 473 3557 VII,
496 3479 673 3541 360-382.
696 3476 785 3554 Vlll,
809 3477 984 3541 sal-253.
1008 3481 1186 3542 alc-520.

349 3582 453 3664 Atque
479 3579 558 3644 haec
591 3579 718 3663 quidem
745 3579 883 3643 breviter
911 3578 1090 3662 disputata,
1123 3601 1206 3663 quae
1236 3581 1363 3665 longius

265 3683 395 3749 extendi
421 3703 548 3747 necesse
575 3703 639 3746 non
668 3687 728 3759 est,
764 3702 835 3744 eum
864 3682 1043 3746 accuratius
1069 3681 1108 3745 da
1131 3684 1359 3765 grammaticae

263 3803 433 3870 progressu
455 3783 614 3850 Steinthal
635 3785 668 3848 in
696 3783 777 3848 libro
804 3785 930 3872 saepius
958 3785 1056 3850 citato
1084 3790 1177 3866 agat,
1214 3793 1249 3850 et
1275 3783 1361 3869 quod

263 3889 319 3972 qni
351 3907 433 3951 unus
460 3887 556 3951 etiam
582 3893 684 3952 restat
711 3887 812 3952 Varro
839 3887 879 3951 ad
909 3887 991 3950 hane
1023 3893 1148 3971 partem
1176 3888 1259 3952 nihil
1285 3888 1365 3952 novi

263 3989 387 4056 confert
417 3989 525 4073 (plura
546 3989 585 4054 de
607 4011 643 4054 eo
665 3990 751 4054 infra
776 3989 960 4054 disserenda
987 3993 1108 4069 erunt),
1138 4027 1177 4038 -
1201 3989 1282 4055 haec
1304 3992 1365 4075 igi-

263 4101 317 4160 tur
338 4093 416 4159 satis
438 4093 666 4184 dumonstrant,
689 4092 815 4176 singula
830 4091 896 4172 illa,
920 4113 1002 4176 quae
1018 4090 1186 4173 Dionysius
1201 4092 1241 4156 de
1257 4113 1359 4177 comp.

263 4197 347 4263 verb.
372 4219 398 4262 c.
417 4201 445 4262 6.
469 4196 502 4260 in
525 4193 626 4260 tribus
647 4195 882 4279 compositionis
903 4194 1047 4278 partibus
1068 4193 1171 4278 ponit,
1195 4213 1236 4257 ex
1258 4195 1375 4260 diver.
