3002 4788
760 313 797 378 lll

135 574 140 600 k
234 493 354 564 λέντιον
375 497 459 586 πρὸς
479 493 615 588 ἄλληλα,
647 505 720 579 πῶς
741 495 780 568 lb
806 499 942 568 ἕκαστον
971 504 1195 590 σχηματισθὲν
1219 503 1327 595 spedu-

233 625 312 667 uovoc
333 597 513 690 φαίνεσθαι
535 600 684 691 ποιήσειε
705 601 762 692 τὴν
783 601 951 691 ἁρμονίαν·
972 603 1081 692 τρίτον
1097 603 1141 689 0⁹,
1165 601 1243 676 εἴτι
1256 611 1326 678 cst-

232 728 288 770 ται
315 710 513 794 μετασκευῆς
540 709 606 770 τῶν
637 705 903 790 λαμβανομένων,
935 701 1137 795 ἀφαιρέσεως
1164 711 1246 796 λέγω
1271 712 1327 779 καὶ

234 804 427 896 προσθήκης
451 805 508 872 καὶ
535 801 752 889 ἀλλοιώσεως,
784 806 904 894 γνῶναί
923 833 960 876 τε
980 807 1036 875 καὶ
1061 810 1146 900 πρὸς
1167 812 1225 902 τὴν
1246 816 1326 899 μέλ-

233 911 351 977 λουσαν
378 907 487 996 χρείαν
515 907 643 989 οἰκείως
665 907 913 996 ἐξεργάσασθαι.
957 914 1044 979 Haec
1065 916 1163 999 igitur
1184 920 1248 983 tria
1270 919 1327 986 illa

232 1020 316 1093 suut
338 1035 419 1097 quae
441 1035 462 1078 a
484 1014 633 1098 Dionysio
656 1011 780 1102 ἁρμογή
800 1015 858 1100 (of.
881 1038 911 1100 p.
929 1020 979 1080 44.
1003 1022 1073 1098 45),
1105 1017 1327 1107 σχηματισμός

233 1125 277 1202 tp.
298 1120 361 1200 45),
391 1112 572 1205 κατασκευή
602 1117 652 1182 vel
681 1113 860 1206 μετασκεοή
891 1127 933 1201 (p.
955 1123 1005 1182 44.
1028 1125 1083 1200 47)
1110 1123 1323 1206 appella-ntur.

232 1221 319 1298 Quae
341 1221 497 1304 quomodo
518 1221 655 1304 intelligi
677 1221 767 1300 velit,
792 1220 983 1304 imaginibus
1004 1221 1142 1304 duabus,
1171 1226 1326 1292 architec-

231 1327 323 1388 turae
345 1329 378 1388 et
399 1324 528 1387 navium
549 1323 807 1388 fabricandarnm
827 1324 917 1404 artis,
941 1323 1095 1404 illustrat,
1118 1347 1253 1410 quarum
1277 1337 1327 1395 est

231 1426 373 1510 singulas
395 1426 546 1491 materiae
564 1427 652 1510 justo
676 1427 759 1492 inter
781 1447 814 1491 se
834 1425 948 1491 ordine
967 1425 1130 1507 collocare,
1153 1438 1238 1496 recta
1254 1453 1325 1498 cou-

231 1528 385 1608 formare,
409 1529 582 1594 secundum
603 1531 777 1594 utilitatem
798 1534 933 1594 mutare.
978 1527 1068 1594 Idem
1086 1534 1326 1616 compositionis

230 1653 298 1698 esse
320 1632 448 1698 uberius
469 1631 683 1714 demonstrat,
712 1633 850 1718 primum
870 1632 904 1696 in
928 1630 1094 1698 verborum
1117 1635 1325 1704 collocatione

229 1737 268 1818 (c.
284 1739 328 1814 6),
350 1735 465 1799 deinde
486 1734 520 1798 in
542 1735 756 1800 membrorum
778 1733 1027 1800 conformatione
1051 1741 1156 1822 (capp,
1173 1745 1201 1801 7.
1225 1743 1255 1804 8.
1278 1745 1324 1821 9),

230 1837 270 1902 de
297 1858 361 1921 qua
387 1837 455 1922 jam
485 1859 582 1922 supra
610 1837 849 1922 disputavimus.
894 1835 957 1902 Sed
983 1838 1237 1922 investigandum
1265 1849 1324 1922 est,

229 1939 384 2024 quidnam
404 1940 478 2005 novi
500 1939 668 2024 protulerit
684 1939 863 2020 Dionysius,
885 1939 1000 2022 quidve
1022 1961 1062 2005 ex
1083 1941 1155 2006 aliis
1177 1944 1324 2010 sumsisse

227 2043 442 2126 intellegatur.
487 2044 533 2107 Ac
556 2042 666 2108 Cicero
688 2041 815 2126 quidem
837 2041 898 2106 hac
918 2043 1104 2126 partitione,
1133 2064 1215 2127 quae
1238 2045 1324 2130 apud

228 2145 415 2230 Dionysium
436 2143 482 2225 lit,
504 2165 569 2210 non
590 2145 706 2226 utitur3
733 2166 807 2209 nam
830 2165 1024 2228 quamquam
1047 2145 1085 2210 de
1109 2147 1251 2213 oratione
1273 2171 1323 2215 or-

228 2247 336 2314 nanda
357 2249 536 2314 accuratius
559 2249 716 2333 disputat,
745 2254 852 2312 tamen
875 2247 930 2312 ubi
952 2247 991 2312 de
1012 2253 1153 2314 totorum
1175 2253 1323 2318 enuncia-

227 2357 333 2417 torum
354 2351 620 2436 periculorumque
643 2349 746 2415 forma
768 2351 844 2434 agit,
868 2350 927 2414 hoc
949 2356 1076 2416 tantum
1098 2355 1218 2418 oratori
1240 2361 1324 2421 trao-

226 2455 360 2520 tandnm
384 2452 593 2532 commendat,
616 2458 653 2516 ut
674 2453 771 2518 verba
792 2457 879 2518 recte
901 2455 986 2518 iuter
1005 2475 1040 2519 se
1063 2454 1196 2522 oollooet
1211 2463 1244 2522 et
1257 2479 1324 2524 mo·

227 2559 302 2624 dum
325 2559 422 2622 etiam
444 2556 642 2639 formamque
663 2554 831 2620 verborum
853 2562 965 2622 ornate
986 2557 1134 2637 instruat,
1157 2559 1215 2638 rel,
1238 2561 1324 2644 quod

226 2661 312 2728 idem
340 2661 440 2739 valet,
478 2659 656 2725 orationem
683 2656 835 2723 membris
856 2658 906 2722 vel
935 2660 1043 2724 incisis
1065 2665 1098 2724 et
1118 2663 1257 2744 periodis
1277 2666 1324 2729 di·

226 2765 369 2847 stinguat
396 2782 626 2845 numeroseque
648 2761 813 2826 cadentem
837 2761 950 2840 faciat,
982 2762 1016 2826 id
1037 2764 1123 2846 quod
1151 2785 1247 2849 supra
1270 2789 1323 2832 ex-

225 2867 397 2950 posuimus.
417 2873 418 2878 ’
441 2863 548 2928 Habet
568 2883 640 2927 enm
663 2883 804 2946 quoque,
841 2865 895 2947 qui
917 2865 1003 2948 apud
1025 2864 1211 2950 Dionysium
1235 2865 1322 2934 estd

227 2965 451 3057 σχηματισμὸς
479 2970 544 3030 τῶν
569 2961 690 3046 κώλων,
714 2966 748 3028 in
770 2965 880 3050 figuris
906 2971 1135 3033 sententiarum
1158 2977 1190 3034 et
1213 2972 1321 3038 verbo-

225 3093 296 3138 rum
318 3073 518 3157 perspicuus,
551 3068 602 3132 vel
623 3073 660 3133 ut
681 3066 791 3134 Cicero
814 3070 875 3150 ait,
901 3070 935 3133 in
956 3069 1130 3137 luminibus
1151 3075 1320 3139 sententia-

225 3197 297 3241 rum
319 3180 352 3239 et
373 3173 540 3238 verborum
562 3171 863 3238 conformationibus
885 3173 940 3250 (de
960 3178 1039 3238 orat.
1063 3173 1122 3255 ΙΙΙ,
1144 3179 1194 3256 52,
1217 3181 1320 3243 200-

227 3284 278 3358 54,
300 3280 388 3360 208.)
433 3275 495 3341 Sed
525 3294 607 3358 quae
633 3274 719 3358 apud
740 3275 925 3340 Ciceronem
954 3276 1122 3342 verborum
1145 3280 1320 3346 conforma-

226 3382 329 3447 tiones
350 3379 562 3464 appellantur,
585 3398 649 3442 non
670 3377 811 3460 ejusdam
836 3372 959 3464 generis
980 3386 1055 3444 sunt
1076 3387 1173 3465 atque
1195 3383 1242 3448 illi
1265 3386 1320 3468 qui

226 3482 312 3568 apud
334 3481 522 3565 Dionysium
551 3487 777 3564 nuncupantur
806 3475 837 3544 oi
860 3480 1079 3568 σχηματισμοὶ
1104 3488 1169 3549 τῶν
1195 3479 1320 3569 ὀνομά-

225 3610 298 3666 σων,
321 3586 440 3670 quippe
462 3585 564 3668 quiin
581 3583 829 3648 conformatione
846 3585 1020 3666 nominum,
1043 3587 1219 3670 verborum,
1242 3590 1321 3657 alia

225 3708 360 3774 rumque
382 3687 536 3754 orationis
556 3687 711 3770 partium,
734 3687 754 3751 i.
778 3707 804 3751 e.
828 3688 862 3752 in
882 3689 1094 3756 declinatione
1115 3696 1150 3756 et
1171 3692 1320 3778 conjuga

226 3792 556 3870 tionecsrnautur1)‚
579 3795 691 3854 contra
712 3790 790 3872 quid
807 3790 916 3858 Cicero
937 3793 1079 3876 intellegi
1095 3793 1179 3875 velit,
1200 3798 1319 3882 optime

227 3896 319 3962 docet
340 3893 389 3958 his
411 3891 527 3958 verbis:
573 3891 754 3972 „Orationis
774 3893 874 3978 ipsius
903 3899 1067 3979 tamquam
1088 3917 1249 3964 armorum
1268 3908 1320 3967 est

226 3999 277 4063 vel
299 3997 340 4061 ad
362 4017 452 4061 usum
476 3995 680 4061 comminatio
702 4001 734 4062 et
755 3998 846 4080 quasi
868 3998 1014 4080 repetitio
1036 3998 1085 4064 vel
1106 3999 1148 4064 ad
1170 4009 1318 4068 venusta-

299 4225 318 4290 ¹l
354 4223 394 4280 Cf.
411 4223 523 4293 Dionys.
542 4224 576 4280 de
594 4241 683 4294 comp.
700 4225 795 4280 vorbb.
814 4243 837 4280 c.
848 4228 875 4281 6.
893 4241 920 4294 p.
933 4228 974 4280 41.
993 4228 1036 4280 42.

1486 2575 1492 2612 l

1491 2637 1492 2656 t
