3002 4788
745 311 856 368 4¹.

209 495 248 558 de
270 494 453 578 eloquentia
473 500 506 557 et
527 493 683 557 rhetorice
705 513 820 575 graeca
849 492 958 575 scripti
984 495 1072 570 sunt,
1109 492 1244 575 denique
1266 492 1301 556 in

208 597 420 674 Weisrnanni,
453 596 572 677 Bussii,
607 594 723 660 Blassii
751 595 790 658 de
812 593 956 677 Dionysii
983 594 1108 678 scriptis
1137 594 1303 658 rhetoricis

207 698 481 764 dissertationibus
510 698 549 762 de
572 698 639 776 hac
673 717 769 780 quam
798 701 974 762 tractamus
1007 697 1191 779 quaestione
1222 695 1303 761 nihil

206 801 375 885 profertur.
446 854 449 862 .

294 907 338 967 Ac
359 903 498 986 primum
526 901 652 984 quidem
680 901 818 966 breviter
846 893 1066 984 a'rgumentum
1090 901 1164 965 libri
1186 901 1304 985 Diony·

208 1005 284 1069 sisci
307 1025 511 1088 exponamus,
534 1024 572 1067 ea
593 1024 675 1087 qnae
691 1004 724 1067 in
740 1003 852 1068 ceteris
874 1003 942 1086 ejus
964 1003 1054 1068 libris
1076 1003 1242 1068 rhetoricis
1264 1003 1303 1068 de

208 1108 434 1191 compositione
456 1104 662 1188 proferuntur
684 1127 795 1189 pauca,
819 1105 851 1168 in
874 1107 1139 1171 commentatione
1161 1105 1231 1190 ipsa
1251 1127 1304 1170 ex·

207 1211 349 1275 hibituri.
391 1209 524 1274 Omnem
547 1209 644 1290 igitur
667 1208 793 1273 dicendi
814 1214 847 1272 et
870 1208 1027 1273 scribendi
1049 1215 1150 1273 artem
1172 1209 1205 1272 in
1227 1209 1304 1274 dua-

207 1314 266 1378 bus
281 1313 375 1377 rebus
390 1311 510 1375 versari
526 1309 612 1390 dicit,
628 1311 660 1374 in
677 1311 907 1375 sententiarum
922 1311 1104 1378 inventione
1119 1333 1157 1376 ac
1172 1311 1304 1394 disposi-

210 1417 296 1481 tione
320 1409 351 1492 (ὁ
367 1408 593 1500 πραγματικὸς
607 1407 721 1492 τόπος,
746 1411 784 1476 cf.
802 1412 841 1478 ele
856 1412 995 1497 Thucyd.
1014 1416 1073 1498 34),
1092 1420 1125 1480 et
1145 1415 1179 1478 in
1201 1414 1304 1479 elocu-

208 1520 294 1584 tione
326 1511 355 1596 (ὁ
378 1512 525 1592 λεκτικὸς
545 1510 666 1596 τόπος,
699 1515 737 1580 cf.
766 1515 806 1580 de
828 1515 990 1580 Demosth.
1015 1521 1084 1596 51);
1117 1515 1305 1582 elocutionis

207 1628 315 1704 partes
343 1620 423 1684 duas
450 1639 536 1697 esse,
567 1623 670 1683 artem
698 1617 914 1702 eligendorum
937 1619 1103 1685 verborum
1126 1624 1159 1684 et
1180 1639 1305 1702 compo-

207 1724 385 1790 nendorum
408 1721 461 1803 (cf.
485 1720 675 1802 deThucyd.
700 1710 762 1800 22),
785 1741 921 1802 quarum
943 1721 982 1786 de
1003 1722 1176 1804 posteriore
1199 1722 1306 1806 dispu-

207 1832 334 1890 taturus
355 1829 579 1910 argumentum
601 1823 708 1888 addit:
738 1843 807 1908 cap.
827 1829 853 1884 1.
898 1823 1040 1888 Primum
1062 1830 1169 1889 antem
1192 1825 1310 1891 statuit

207 1927 466 2010 compositionem
496 1946 562 1990 esse
592 1925 745 1990 orationis
771 1925 911 2008 partium
933 1930 1053 1990 certam
1075 1925 1236 2009 quandam
1258 1927 1305 1990 in·

207 2037 256 2094 ter
280 2049 314 2094 se
336 2028 592 2106 collocationem,
627 2032 660 2093 et
686 2029 796 2112 paucis
818 2027 936 2108 refert,
970 2048 1009 2092 ex
1032 2035 1109 2111 quot
1131 2048 1168 2092 ac
1190 2027 1305 2110 quihus

208 2132 377 2196 uerborum
407 2131 575 2214 generibus
603 2131 746 2198 membra
768 2137 800 2195 et
820 2130 943 2214 periodi
965 2129 1119 2194 orationis
1141 2134 1303 2195 constent:

208 2257 234 2300 c.
259 2238 287 2298 2.
332 2233 601 2317 Compositionem
631 2233 769 2316 eligendi
797 2233 893 2299 verba
914 2235 977 2299 arti
998 2234 1145 2317 postponi
1167 2232 1304 2316 quidem,

208 2337 264 2402 sed
294 2337 323 2400 vi
351 2357 387 2400 ac
414 2341 572 2418 potestate
600 2337 646 2399 ita
675 2336 878 2418 praevalere,
920 2341 957 2400 ut
984 2335 1080 2419 hujus
1108 2331 1311 2421 praestantia

208 2459 307 2523 prava
330 2437 558 2522 compositione
581 2436 740 2518 deleatur,
772 2438 896 2505 duobus
919 2439 1086 2522 exemplis,
1107 2431 1219 2506 'altero
1241 2439 1306 2504 Ho-

207 2543 341 2620 merico,
364 2539 465 2605 altero
488 2541 668 2606 Herodoteo
691 2542 904 2620 demonstrat,
932 2541 1148 2624 variandaqne
1170 2542 1305 2608 aliorum

208 2644 407 2728 quorundam
430 2643 572 2708 locorum
595 2649 757 2708 structura
777 2642 961 2709 confirmat:
991 2665 1016 2707 c.
1035 2648 1062 2707 3.
1088 2649 1117 2706 4.

295 2747 364 2826 Quo
387 2746 497 2811 ordine
521 2767 540 2809 a
563 2752 679 2811 natura
702 2752 810 2831 partes
840 2745 992 2810 orationis
1020 2745 1306 2829 constitutaesint,

210 2871 281 2914 enm
304 2869 337 2912 se
360 2848 442 2914 male
464 2849 625 2931 quondam
648 2850 736 2932 sequi
759 2848 918 2913 studuisse
942 2847 995 2912 ubi
1017 2849 1191 2930 enarravit,
1223 2856 1307 2916 vete·

209 2973 279 3017 rum
307 2950 515 3036 componendi
543 2956 645 3016 artem
676 2951 838 3016 illustrare
859 2951 918 3015 sibi
944 2951 1106 3034 proponit:
1137 2974 1164 3017 c.
1189 2959 1217 3018 5.
1261 2958 1306 3020 Ac

210 3056 273 3119 tria
314 3054 443 3136 quidem
484 3074 551 3118 esse
602 3053 671 3136 ejus
713 3055 859 3138 negotia:
914 3055 1051 3138 primum
1095 3057 1306 3135 considerare,

210 3177 272 3240 quo
296 3156 405 3221 ordine
427 3155 552 3240 singula
574 3155 738 3242 ponenda,
775 3153 926 3234 alterum,
956 3157 1112 3239 quomodo
1135 3159 1306 3224 secundum

210 3259 452 3342 grammaticam
479 3258 722 3337 conformanda,
759 3259 905 3336 tertium,
934 3279 998 3341 qua
1023 3259 1146 3324 ratione
1168 3261 1232 3326 sive
1254 3261 1308 3326 de-

212 3364 326 3428 mendo
349 3364 414 3427 sive
436 3361 616 3446 adjiciendo
639 3361 761 3446 aliquid
783 3361 937 3426 mutanda
960 3362 1033 3441 sint,
1056 3383 1137 3446 quac
1152 3363 1216 3426 tria
1231 3385 1307 3447 quo·

211 3466 305 3531 modo
321 3465 363 3530 ad
377 3465 474 3532 verba
496 3463 682 3529 collocanda
703 3463 832 3530 valeant
852 3463 981 3530 uberius
1003 3465 1110 3530 docet:
1133 3486 1159 3529 c.
1178 3468 1206 3528 6.
1247 3465 1307 3530 De·

211 3568 285 3633 inde
315 3568 472 3652 quomodo
495 3567 528 3630 in
550 3566 699 3630 membris
727 3568 880 3631 orationis
909 3567 1012 3633 locum
1034 3589 1073 3632 ea
1094 3568 1234 3634 babeant
1254 3591 1307 3633 ex·

212 3669 324 3754 emplis
347 3669 497 3749 ostendit,
520 3669 695 3752 eademque
717 3669 758 3734 ad
780 3669 927 3752 periodos
949 3671 1108 3754 pertinere
1130 3669 1305 3754 significat:

213 3794 238 3836 e.
257 3777 350 3837 7-9.
402 3772 629 3856 Adsequendas
663 3793 730 3836 csse
767 3773 1003 3856 compositionis
1026 3779 1095 3838 arte
1128 3774 1208 3840 duas
1240 3795 1308 3842 res:

214 3876 403 3940 suavitatem
419 3880 451 3940 et
465 3874 743 3957 pulchritudinem,
766 3883 924 3958 quatenus
945 3875 986 3938 ad
1009 3875 1133 3940 aurium
1151 3878 1308 3961 judicium

212 3978 407 4042 referantur:
431 3998 455 4040 c.
475 3979 522 4039 10.
568 3975 651 4040 Oriri
673 3998 728 4042 eas
749 3999 788 4041 ex
810 3983 962 4061 quattuor
983 3977 1087 4059 rebus,
1109 4001 1220 4045 vocum
1243 4002 1309 4046 mo·

214 4079 385 4160 dulatione,
408 4099 539 4144 numero
561 4099 617 4144 seu
638 4079 796 4163 rhythmo,
819 4081 1005 4159 variatione,
1029 4081 1175 4146 decentia
1196 4083 1238 4146 ad
1258 4105 1309 4148 res

215 4181 418 4273 hominesque
441 4181 680 4268 accommodata
702 4180 826 4264 (μέλος,
857 4177 998 4268 ῥυθμός,
1025 4179 1203 4272 μεταβολή,
1227 4185 1309 4270 πρέ-
