3002 4788
735 335 773 394 14

207 520 305 584 miam
332 517 569 582 adsiduitatem.
598 553 633 564 -
679 516 769 580 Etsi
792 515 933 599 ejusdem
960 516 1047 581 verbi
1073 514 1300 580 adsiduitatem

207 621 338 686 nimiam
361 619 528 703 fugiemus.
552 657 592 696 ,—
626 619 715 682 Etsi
737 639 801 683 non
822 625 949 683 utemur
970 618 1170 683 continenter
1191 617 1300 682 simili·

208 731 257 788 ter
279 723 462 788 cadentibus
485 722 596 801 verbis,
621 758 661 769 -
685 726 718 785 et
739 721 766 784 si
788 720 955 786 verborum
975 721 1234 804 transjectionem
1255 721 1301 784 vi·

207 825 361 906 tabimus,
389 825 450 889 nisi
472 847 554 909 quae
576 825 638 889 erit
659 823 823 888 concinna.
858 862 899 871 -
942 825 1023 889 Item
1045 823 1154 906 fugere
1176 827 1302 907 oportet

207 927 333 1012 longam
356 927 523 992 verborum
546 925 831 1007 continuationem,
869 948 951 1010 quae
973 933 1005 992 et
1027 925 1182 991 auditoris
1208 945 1302 990 aures

208 1039 240 1096 et
262 1032 398 1096 oratorie
419 1031 566 1114 spiritum
588 1028 717 1094 laedit.“
760 1028 900 1094 Tertiam
922 1030 1073 1112 denique,
1102 1028 1300 1112 dignitatem,

209 1155 309 1218 „quae
332 1134 438 1200 reddit
460 1139 605 1196 ornatam
628 1131 819 1210 orationem,
849 1133 1003 1197 varietate
1025 1129 1240 1213 distinguens,
1269 1134 1301 1194 et

208 1239 241 1301 in
264 1237 430 1302 verborum
454 1236 541 1299 etin
564 1234 794 1298 sententiarum
817 1235 1055 1315 exornationem
1078 1233 1259 1312 dividitur“,
1282 1253 1302 1294 a

208 1339 350 1422 Dionysii
372 1338 499 1423 quidem
522 1338 666 1402 doctrina
681 1336 819 1400 alienam
834 1358 897 1401 non
913 1358 980 1404 esse
995 1336 1091 1418 vides,
1115 1336 1171 1402 sed
1184 1335 1301 1418 figura-

208 1465 278 1508 rum
302 1449 427 1507 tantum
452 1441 594 1506 coritinet
615 1440 755 1524 copiam,
789 1439 831 1503 ad
854 1446 974 1506 certum
997 1440 1141 1505 ordinem
1162 1436 1302 1522 discipli-

208 1565 346 1629 namque
368 1566 432 1608 non
453 1543 647 1608 adstrictam.

293 1647 477 1712 Transimus
504 1647 544 1712 ad
569 1647 721 1727 Graecos,
755 1649 809 1732 qui
839 1647 916 1731 quid
944 1652 1019 1711 ante
1047 1646 1233 1728 Dionysium
1262 1643 1302 1708 de

209 1750 437 1833 compositione
466 1750 652 1829 statuerint,
690 1772 774 1816 nunc
802 1748 1032 1834 exquirendum
1059 1755 1116 1813 est.
1171 1747 1303 1812 Nullum

209 1860 317 1918 autem
348 1858 436 1918 extat
464 1872 542 1936 opus
573 1858 647 1916 ante
676 1851 861 1936 Dionysium
889 1853 1111 1936 compositum,
1151 1851 1236 1935 quod
1265 1871 1302 1914 eo

210 1955 340 2020 consilio
362 1975 423 2039 quo
448 1953 501 2018 ille
524 1954 700 2020 doctrinam
724 1955 762 2020 de
786 1962 948 2020 structura
976 1955 1129 2020 orationis
1151 1961 1183 2019 et
1203 1955 1303 2038 poeti-

210 2079 265 2123 cae
287 2064 320 2122 et
340 2057 505 2141 pedestris,
528 2056 790 2142 comprehendat,
818 2059 865 2121 ita
886 2064 923 2122 ut
945 2057 1004 2122 hcc
1027 2057 1167 2122 sufficere
1189 2056 1303 2122 debeat

210 2160 390 2245 explorare,
423 2181 462 2225 ex
489 2161 621 2244 singulis
650 2159 825 2244 quibusque
858 2159 1032 2244 disciplinis
1059 2160 1135 2245 quid
1156 2159 1303 2244 petiverit

211 2263 389 2346 Dionysius.
435 2265 479 2327 Ac
501 2263 638 2346 primum
661 2263 698 2327 de
720 2262 885 2327 rhetorum
907 2264 1097 2347 praeceptis,
1128 2261 1242 2327 deinde
1264 2262 1303 2327 de

211 2365 470 2452 philosophorum
494 2372 525 2430 ct
547 2366 824 2449 grammaticorum
855 2365 1022 2430 dicendum
1050 2371 1106 2432 est.
1150 2365 1305 2430 Rhetores

211 2491 285 2536 vero
308 2470 353 2548 ei,
386 2468 439 2552 qui
464 2467 503 2531 da
525 2467 707 2534 inventione
736 2469 897 2532 rhetorica
923 2467 1125 2533 subtilissime
1145 2468 1306 2551 quaesive-

212 2578 287 2638 runt
308 2577 359 2636 sat
373 2571 475 2648 multi,
498 2568 665 2633 omittendi
688 2577 770 2650 sunt,
795 2570 944 2634 nimirum
966 2591 1075 2635 omnes
1096 2572 1150 2654 qui
1170 2570 1211 2634 ad
1227 2570 1306 2634 Her-

212 2695 362 2757 magorae
383 2678 554 2757 praecepta
576 2678 677 2736 artem
701 2673 999 2738 accommodabant:
1038 2673 1076 2737 de
1105 2673 1219 2756 quibus
1241 2694 1305 2736 orn-

213 2777 306 2844 nibus
322 2777 354 2841 id
369 2778 403 2842 in
418 2774 600 2840 universum
624 2775 716 2856 valet,
740 2775 824 2859 quod
841 2774 951 2840 Cicero
967 2777 1056 2840 llrut.
1080 2779 1151 2840 263.
1168 2775 1206 2839 de
1224 2775 1305 2840 Her·

213 2901 362 2965 magorae
392 2878 559 2962 disciplina
585 2878 710 2961 judicat
736 2882 770 2962 ¹).
822 2879 940 2942 Eorum
972 2879 1027 2961 qui
1056 2879 1094 2944 de
1122 2877 1308 2943 elocutionis

214 2983 323 3067 aliqua
343 2991 435 3067 parte
457 2982 669 3064 scripserunt,
706 2981 801 3045 unius
823 2980 957 3064 Gorgiae
985 2982 1116 3046 minoris
1138 2981 1176 3045 de
1199 2980 1308 3064 figuris

214 3087 443 3152 sententiarum
466 3092 498 3150 et
520 3083 706 3150 elocutionis
733 3081 858 3148 libellus
881 3104 901 3148 a
922 3084 1041 3148 Rutilio
1063 3084 1153 3167 Lupo
1181 3105 1307 3166 excerp

214 3196 266 3252 tus
288 3193 385 3254 extat.
430 3187 477 3251 lle
505 3188 581 3252 solis
609 3188 707 3271 igitur
735 3184 844 3270 figuris
874 3207 955 3270 quae
985 3186 1134 3252 dicuntur
1157 3187 1309 3251 orationis

214 3291 367 3374 scriptum
390 3297 488 3369 extat,
511 3310 592 3373 quae
614 3291 762 3373 exiguam
784 3296 911 3354 tantum
930 3297 1054 3373 partem
1074 3290 1310 3374 compositionis

215 3392 301 3477 apud
323 3392 509 3476 Dionysium
531 3391 685 3473 efficiunt;
718 3400 874 3477 quantum
896 3414 969 3457 vero
992 3392 1126 3477 Gorgiae
1148 3394 1309 3476 ingenium

215 3519 236 3560 a
256 3494 399 3578 Dionysii
422 3505 527 3560 mente
550 3496 660 3560 critica
682 3495 899 3574 abhorruerit,
922 3494 956 3559 id
978 3497 1081 3580 ipsum
1105 3497 1310 3574 demonstrat,

215 3596 301 3682 quod
335 3599 369 3663 in
399 3619 566 3664 numerum
600 3604 762 3664 oratorum
798 3619 877 3681 quos
908 3598 1110 3663 imitarentur·
1144 3599 1311 3683 dignorum

218 3763 421 3770 .„-——-··——-

272 3881 291 3946 ¹)
325 3880 355 3932 L.
371 3897 394 3933 c.
413 3879 459 3947 „C.
471 3880 593 3934 Licinius
605 3911 639 3919 —
651 3881 802 3950 probabilis
815 3885 915 3946 orator,
925 3882 983 3950 jam
996 3898 1060 3936 vero
1073 3882 1155 3936 etiarn
1169 3883 1310 3952 probatus,

217 3987 250 4023 ex
274 3968 326 4021 hac
349 3965 425 4036 inopi
448 3967 485 4018 ad
507 3968 670 4034 ornandum,
704 3969 751 4021 sed
771 3967 1006 4021 adinveniendum
1025 3968 1145 4040 repedita
1164 3969 1312 4038 Hermago-

217 4073 264 4110 rae
282 4055 436 4123 disciplina.
471 4055 512 4108 Ea
530 4056 578 4108 dat
595 4057 714 4110 rationes
734 4061 823 4108 certas
841 4062 869 4109 et
886 4061 1033 4124 praecepta
1050 4057 1176 4120 dicendi;
1200 4074 1270 4124 quae
1288 4060 1311 4111 si

217 4143 346 4196 minorem
364 4141 460 4195 baberet
478 4148 651 4211 apparatum,
672 4148 736 4196 eunt
753 4146 826 4198 enim
843 4143 938 4209 emilia,
958 4147 1051 4198 tamen
1069 4144 1172 4198 habent
1189 4146 1312 4199 ordinem
1335 4147 1337 4152 '

218 4237 246 4286 et
264 4231 394 4301 quasdam
411 4247 503 4285 errare
519 4232 548 4284 in
566 4231 682 4286 dicendo
700 4249 755 4285 non
772 4233 907 4300 patientes
926 4233 1009 4285 vias.“
1045 4233 1079 4286 cl.
1097 4235 1157 4287 271.
