3002 4788
755 307 794 368 10

228 502 296 570 tur,
325 494 463 560 maxime
491 511 638 556 numeros
672 491 867 556 adhibendos
902 513 969 556 esse
997 497 1112 556 censet.
1158 493 1236 557 Cum
1260 494 1319 559 boo

228 596 296 663 loco
329 597 485 662 consentit
513 595 568 659 ilie
600 594 688 659 Orat.
717 596 743 678 ξ.
771 599 846 672 179,
882 615 975 677 quem
1009 616 1105 679 supra
1142 596 1317 671 attulimus,

227 699 386 764 consentit
407 719 531 782 quoque
553 697 722 780 Dionysius
738 696 776 761 de
792 718 892 782 comp.
914 697 998 762 verb.
1022 719 1047 760 o.
1066 701 1094 760 2.
1117 721 1147 783 p.
1164 704 1199 762 9:
1223 691 1320 763 ’Ἐστι

228 798 266 889 δὴ
286 805 344 888 τῆς
366 799 551 878 συνθέσεως
574 795 658 885 ἔργα,
683 795 809 877 οἰκείως
831 803 941 864 θεῖναι
962 795 1004 864 τό
1026 795 1054 864 τ’
1075 793 1220 882 όνόματα
1242 797 1319 888 παρ’

227 897 365 990 ι’ίλληλα,
399 901 454 968 καὶ
480 906 551 981 τοῖς
576 898 694 980 κώλοις
720 898 902 968 α’ποδοιῖναι
923 898 981 990 τὴν
1010 899 1237 990 προσήκουσαν
1259 901 1318 991 ἁρ-

227 1003 351 1090 μονίαν,
374 1003 430 1071 καί
451 1009 524 1084 ταῖς
545 1004 712 1091 περιόδοις
734 1006 900 1090 διαλαβεῖν
922 998 1021 1070 αότδν
1042 1000 1117 1069 όλον
1139 1003 1195 1070 τόν
1216 1003 1318 1091 λόγον.

229 1110 276 1175 Cf.
300 1110 339 1176 de
359 1110 498 1193 Thucyd.
522 1131 548 1174 e.
567 1113 620 1175 22:
658 1109 712 1174 ubi
734 1109 881 1172 distinete
904 1109 1004 1173 tradit
1025 1108 1203 1193 Dionysius
1226 1112 1319 1176 etde

228 1212 373 1298 partibus
396 1213 536 1293 dicendi,
565 1212 733 1277 verborum
755 1211 878 1276 delectu
902 1216 934 1274 et
955 1213 1181 1296 compositione
1205 1215 1320 1278 oratio-

227 1316 277 1381 nis
298 1316 455 1400 partium‚
478 1322 574 1380 antee
596 1337 615 1380 a
637 1314 746 1378 multis
769 1313 964 1396 disputatum
988 1335 1065 1392 esse,
1088 1321 1120 1379 et
1135 1316 1181 1380 'de
1204 1318 1320 1382 utrius·

228 1439 288 1502 que
316 1418 479 1502 pertibus,
509 1440 588 1502 quas
619 1418 729 1483 eodem
756 1417 849 1481 modo
878 1437 940 1500 quo
965 1416 1073 1482 Cicero
1096 1419 1135 1482 de
1157 1425 1237 1483 orat.
1261 1421 1320 1499 111,

228 1526 277 1599 37,
304 1525 372 1585 149.
397 1525 452 1600 43,
480 1527 534 1585 171
561 1521 741 1604 distinguit:
773 1513 825 1582 ότι
848 1517 1021 1603 διαιρεῖται
1044 1563 1080 1572 -
1104 1515 1123 1606 ἡ
1146 1517 1205 1600 μὲν
1227 1518 1320 1584 ἐκλο-

227 1619 266 1710 γὴ
287 1626 353 1688 τῶν
376 1624 591 1704 στοιχειωδῶν
611 1617 748 1707 μορίων,
782 1615 984 1704 ὀνοματικῶν
1006 1621 1087 1708 λέγω
1108 1621 1163 1686 καί
1184 1628 1320 1710 ῥηματι-

228 1730 292 1790 κῶν
313 1723 368 1791 καί
391 1726 597 1805 συνδετικῶν,
629 1719 676 1802 είς
697 1748 733 1789 τε
753 1722 811 1810 τὴν
832 1719 944 1810 κυρίαν
965 1721 1094 1812 φράσιν,
1118 1723 1173 1790 καί
1195 1722 1243 1805 είς
1263 1725 1320 1814 τὴν

227 1826 395 1917 τροπικὴν
426 1823 445 1912 ἡ
469 1828 504 1894 δὲ
527 1825 683 1906 σύνθεσις
705 1821 752 1904 είς
772 1851 808 1892 τε
829 1823 869 1891 τὰ
892 1822 1060 1909 κόμματα,
1082 1826 1199 1893 καὶτὰ
1221 1831 1318 1910 κῶλα,

227 1928 283 1996 καὶ
312 1929 370 2010 τὰς
403 1927 576 2017 περιόδους
609 1974 643 1984 --
681 1924 804 2018 εἴρηται
837 1929 976 2008 πολλοῖς
1007 1927 1174 2018 πρότερον.
1233 1935 1321 2000 Ηυεο

227 2035 323 2101 verba
345 2035 466 2118 optima
488 2034 610 2111 docent,
634 2033 819 2116 Dionysium
841 2054 861 2096 a
884 2032 1033 2099 Cicerone
1056 2035 1135 2100 nihil
1151 2037 1190 2101 de
1206 2037 1265 2102 hac
1286 2059 1320 2101 re

229 2137 396 2216 derivasse,
421 2159 479 2202 uec
496 2136 583 2201 aliud
599 2136 774 2220 quidquam
790 2157 861 2200 eum
878 2135 917 2200 ab
935 2143 1060 2202 oratore
1077 2139 1221 2204 Romano
1236 2161 1320 2205 sum·

228 2240 304 2304 sisse
326 2239 495 2304 verisimile
525 2260 592 2304 esse
614 2239 698 2304 infra
720 2238 912 2318 videbimus,
944 2261 1128 2323 quanquam
1155 2240 1321 2308 literarum

227 2342 400 2406 latinarum
423 2363 456 2407 se
478 2363 612 2425 gnarum
640 2363 706 2407 esse
734 2342 801 2424 ipse
829 2346 942 2405 narrat
966 2341 1129 2407 Archaeol.
1152 2366 1230 2410 rom.
1254 2347 1278 2425 Ι,
1302 2352 1320 2410 7

228 2440 290 2528 ἐγὼ
319 2440 549 2522 καταπλεύσας
570 2439 617 2521 είς
636 2438 773 2509 Ἰταλίαν
798 2486 825 2496 -
865 2439 1032 2508 διάλεκτόν
1052 2468 1089 2510 τε
1108 2442 1167 2534 τὴν
1184 2441 1322 2530 Ῥωμαῖ-

227 2543 285 2635 κὴν
301 2543 457 2629 ἐκμαθὼν
478 2543 533 2612 καὶ
555 2543 750 2632 γραμμάτιον
771 2551 836 2611 τῶν
858 2541 1039 2633 ἐπιχωρίων
1060 2546 1169 2632 λαβὼν
1184 2547 1323 2637 ἐπιστή-

226 2674 289 2738 μην
311 2675 340 2714 κ.
363 2675 392 2715 τ.
415 2651 444 2716 λ.
488 2651 582 2716 Illam
610 2656 717 2716 eutem
746 2650 982 2734 compositionis
1010 2650 1225 2717 definitionem
1248 2653 1322 2718 Dio-

229 2755 391 2837 nysiaoam
414 2755 440 2818 si
463 2753 664 2837 respicimus,
695 2759 798 2817 totum
821 2753 890 2836 ejus
913 2753 1066 2817 ambitum
1096 2755 1224 2820 minime
1247 2775 1267 2820 a
1289 2777 1322 2821 se

228 2858 389 2942 expletum
412 2878 496 2934 esse,
526 2857 663 2940 quodem
688 2855 782 2920 modo
806 2855 910 2939 ipsum
930 2855 1046 2940 fugisse
1069 2857 1209 2922 videtur:
1247 2880 1321 2923 nam

171 2967 173 2974 ’
226 2960 362 3044 primum
390 2964 515 3024 tantum
537 2963 677 3041 partem,
709 2957 947 3022 collocationem
974 2958 1158 3038 uerborum,
1194 2965 1321 3038 tractat,

228 3062 267 3128 de
289 3061 438 3128 membris
464 3061 524 3125 hoc
546 3066 672 3124 tautum
695 3061 837 3144 disputat
859 3062 965 3145 (capp.
990 3067 1103 3138 7-9),
1137 3084 1199 3145 quo
1227 3063 1321 3129 modo

223 3166 311 3249 justo
334 3163 500 3230 verborum
523 3163 643 3242 ordine,
667 3163 923 3241 conformatione,
947 3165 1124 3229 mutatione
1145 3164 1198 3243 (de
1221 3164 1269 3228 his
1291 3187 1320 3230 v.

228 3290 253 3333 o.
279 3274 296 3332 7
320 3269 380 3350 in.)
411 3265 587 3332 efficiantur
620 3272 716 3350 atque
746 3267 981 3350 compleantur,
1019 3267 1058 3332 de
1086 3267 1321 3351 pulchritudine

228 3393 301 3437 vero
323 3369 537 3436 membrorum
562 3375 594 3434 et
616 3369 773 3434 suavitate
795 3391 968 3452 earumque
992 3368 1226 3436 efficiendarum
1241 3377 1320 3450 arte,

227 3475 260 3539 in
290 3495 353 3558 qua
382 3493 505 3538 summu
542 3473 646 3556 operis
676 3473 795 3538 versari
818 3473 967 3553 debebat,
990 3473 1068 3537 nihil
1093 3474 1219 3538 omnino
1250 3495 1321 3558 pro·

228 3578 299 3656 fert,
321 3576 360 3641 de
375 3575 514 3660 periodis
537 3574 671 3658 denique
695 3575 754 3640 hoc
777 3581 902 3640 tantum
925 3575 1031 3653 habet,
1054 3595 1106 3638 eas
1127 3597 1209 3659 quae
1230 3598 1322 3660 prae·

228 3679 344 3746 cedant
374 3698 490 3762 eosque
522 3699 603 3762 quae
637 3684 812 3761 sequantur
839 3679 896 3743 sibi
927 3678 1004 3762 ipsis
1039 3679 1322 3744 accommodandas

228 3788 364 3868 apteque
387 3782 471 3846 inter
492 3802 525 3846 se
553 3780 755 3846 collocandas
782 3801 865 3859 esse,
900 3781 926 3845 si
948 3780 1075 3864 quidem
1096 3801 1153 3864 per
1175 3782 1321 3865 periodos

229 3886 331 3952 oratio
353 3884 505 3950 efferatur
526 3888 686 3968 oporteat3
714 3905 817 3967 neque
839 3884 971 3948 enimin
987 3884 1072 3947 omni
1094 3903 1237 3950 sermone
1259 3886 1321 3949 uti-

227 3990 290 4056 lem
313 4009 381 4054 esse
403 3987 572 4054 dictionem
595 3984 801 4071 periodicam‚
834 3986 888 4052 sed
917 3985 1125 4070 componendi
1146 3986 1321 4070 peritorum
1347 4035 1350 4042 .
