3012 4784
690 238 732 304 35

167 433 206 498 do
225 453 262 496 es
284 449 409 511 qnoque
441 433 516 494 unte
538 407 723 510 Dionysium
744 447 764 492 a
786 426 965 492 rhetoribus
988 435 1157 510 praecepta
1179 426 1265 492 edita

166 533 270 608 fuisse,
292 547 357 595 non
377 529 506 595 difficile
527 537 575 594 est
595 529 767 594 intellectu.
812 528 960 594 Omnium
981 530 1064 594 enim
1087 529 1126 594 do
1147 529 1208 595 hsc
1230 551 1265 594 re

165 635 284 717 scriptu
306 654 377 698 oum
399 631 563 715 deperdita
585 631 665 709 sint,
687 637 776 697 extet
799 631 959 696 Ciceronis
980 631 1153 714 disputatio
1175 632 1264 696 Oret.

167 739 219 814 21,
243 735 377 812 70-22,
402 735 450 797 74.
474 734 521 798 De
536 739 615 798 orat.
631 732 686 810 Ill,
701 735 753 811 55,
775 733 955 798 nlo-212.
999 731 1046 798 cf.
1063 732 1193 810 Quintil.
1209 733 1263 810 ΧΙ,

172 841 199 902 1.
222 837 284 904 Sed
297 839 363 920 ipse
378 836 547 920 Dionysius
562 835 717 900 intellexit
731 835 917 918 profundius
931 855 970 899 ac
985 835 1082 900 letius
1097 834 1136 899 de
1151 835 1264 901 decon-

167 942 214 1006 tin
235 939 386 1006 orationis
408 937 705 1002 commentationem
725 936 852 1002 extendi
874 956 982 1020 posse,
1003 957 1100 1019 quam
1122 946 1158 1002 ut
1179 945 1264 1002 totus

167 1045 236 1128 ejus
250 1042 386 1108 ambitus
401 1040 657 1124 complectendus
671 1046 753 1105 esset
764 1043 801 1122 ¹).
844 1038 1068 1105 Definitionem
1089 1047 1194 1106 autem
1209 1039 1265 1105 de-

169 1146 290 1212 centiae
310 1142 395 1226 apud
416 1163 524 1209 omnes
551 1147 660 1206 notam
682 1163 749 1208 esse
770 1140 950 1226 profitetur:
990 1137 1264 1226 Ὁμολογοομένοο

170 1243 258 1331 παρὰ
281 1249 394 1321 πᾶσιν,
416 1239 471 1308 ὅτι
492 1243 623 1328 πρέπον
645 1240 716 1309 ἐστὶ
738 1243 775 1308 τὸ
797 1247 869 1321 τοῖς
882 1238 1112 1326 ὑποκειμένοις
1126 1240 1266 1329 ἁρμόζον

170 1345 364 1434 προσώποις
385 1370 420 1410 re
443 1343 498 1410 καὶ
520 1341 708 1430 πράγμασιν
729 1348 797 1412 κτλ.
842 1347 1027 1412 Universum
1049 1349 1119 1432 ejus
1140 1348 1174 1412 in
1196 1347 1266 1431 phi·

170 1452 312 1535 losophia
343 1448 456 1514 morali
486 1449 646 1513 notionem
679 1447 788 1514 Cicero
817 1450 857 1515 de
889 1449 975 1516 finib.
1006 1450 1031 1528 Ι,
1053 1450 1105 1528 27,
1128 1450 1266 1526 93-28,

170 1555 220 1620 99.
242 1553 387 1636 exponit,
414 1551 470 1616 sed
491 1551 588 1616 etiam
608 1549 648 1614 de
669 1550 854 1618 elocutionis
876 1552 1020 1618 decentia
1041 1558 1189 1618 mannate
1211 1573 1266 1616 ex·

170 1657 274 1740 ponit:
297 1661 386 1732 „tum
407 1673 532 1718 servare
553 1651 632 1716 illud
647 1658 766 1734 poetas,
789 1654 874 1736 quod
888 1655 1008 1732 decfflt,
1030 1654 1171 1731 dicimus,
1193 1675 1265 1718 cum

170 1759 204 1824 id
224 1756 309 1839 quod
331 1777 455 1838 qusque
477 1775 611 1838 persona
630 1755 760 1838 dignum
781 1762 838 1834 est,
860 1765 892 1822 et
905 1755 943 1822 fit
962 1763 995 1822 et
1009 1756 1153 1823 dieitur.“
1183 1755 1266 1833 Quid

172 1862 214 1925 sit
241 1858 321 1924 illud
349 1858 512 1936 decorum,
548 1855 657 1922 Cicero
691 1865 769 1924 orat.
792 1859 844 1937 21,
868 1858 917 1923 71.
941 1866 1097 1944 („semper
1125 1860 1267 1924 inomni

172 1969 262 2046 parte
282 1961 452 2038 orationiS,
485 1967 521 2024 ut
541 1959 638 2039 uitae,
675 1960 751 2042 quid
779 1961 889 2028 deceat
917 1969 966 2028 est
993 1962 1266 2040 considerandum,

172 2065 256 2147 quod
279 2071 311 2128 et
331 2065 365 2128 in
387 2083 421 2128 re
443 2062 482 2127 de
503 2083 567 2144 qua
588 2064 693 2146 agitur
713 2063 850 2147 positum
872 2071 934 2142 est,
962 2071 995 2129 et
1015 2065 1050 2130 in
1070 2064 1212 2148 personis
1234 2071 1268 2129 et
1336 2099 1338 2106 ,

172 2188 296 2242 eorum,
329 2166 383 2245 qui
406 2164 531 2240 dicunt,
561 2172 722 2230 eteorum
753 2166 807 2246 qui
833 2166 1000 2244 audiunt“)
1021 2187 1093 2232 cnm
1115 2165 1266 2250 Dionysio

172 2267 343 2334 consentit:
379 2265 420 2331 cf.
448 2266 539 2332 illum
566 2267 669 2332 locum
691 2289 759 2350 cap.
779 2268 830 2332 20.
852 2273 884 2334 et
904 2268 983 2333 illud
1005 2267 1090 2351 quod
1110 2268 1151 2333 de
1173 2269 1266 2351 Lysia

169 2369 293 2454 judicet
315 2370 354 2434 de
375 2369 446 2454 Lys.
468 2391 495 2434 c.
519 2371 554 2433 9:
591 2363 704 2450 οἴομαι
731 2367 767 2436 δὲ
795 2369 851 2434 καὶ
877 2366 916 2435 τὸ
948 2369 1079 2457 πρέπον
1107 2365 1267 2456 ἔχειντὴν

172 2466 305 2536 Λυσίου
326 2468 426 2552 λέξιν,
451 2464 589 2548 οὐθενὸς
610 2461 706 2558 ἦττον
726 2473 791 2536 Ιτῶν
813 2465 953 2558 ἀρχαίων
975 2468 1130 2559 ῥητόρων,
1155 2468 1267 2556 κρατί-

173 2595 253 2660 στην
274 2567 415 2638 ἁπασῶν
443 2565 559 2660 ἀρετὴν
585 2571 640 2638 καὶ
669 2570 867 2660 redeundum
894 2569 978 2660 ὁρῶν
1005 2568 1104 2662 αὐτὴν
1126 2570 1211 2660 πρός
1231 2598 1267 2638 τε

171 2672 230 2741 τὸν
250 2675 394 2760 λέγοντα,
415 2671 473 2739 καὶ
493 2671 578 2762 πρὸς
598 2672 675 2754 σούς
696 2672 882 2756 ἀκούοντας,
905 2673 962 2740 καὶ
983 2673 1067 2763 πρὸς
1077 2673 1115 2743 τὸ
1134 2681 1268 2760 πρᾶγμα

174 2815 216 2827 -
231 2775 265 2844 ἒν
279 2773 410 2855 τούτοις
430 2773 490 2862 γὰρ
512 2775 551 2865 δὴ
567 2776 622 2844 καὶ
638 2775 722 2866 πρὸς
742 2782 845 2843 ταῦτα
867 2775 905 2842 τὸ
928 2779 1115 2865 πρέπον-
1130 2773 1267 2865 οἷρκοέν-

173 2901 238 2957 τως
265 2874 475 2967 ἡρμοσμένην.
533 2880 653 2947 Eodem
684 2879 766 2946 redit
791 2879 927 2964 Gorgiae
961 2883 1112 2966 scriptum
1145 2882 1185 2947 de
1212 2903 1268 2965 op·

173 2983 368 3067 portunitste
389 3003 485 3067 supra
506 3005 526 3048 a
548 2982 698 3069 Dionysio
721 2982 878 3060 adletam3
915 2983 1035 3066 primus
1056 2983 1140 3050 enim
1159 2983 1213 3048 ille
1234 2983 1268 3048 id

173 3086 252 3170 ogit,
274 3092 309 3150 ut
331 3105 395 3150 non
416 3084 510 3149 modo
531 3105 612 3165 quae
632 3091 714 3151 esset
734 3084 869 3168 pulchra
891 3091 922 3151 et
943 3087 1048 3152 suavis
1069 3086 1186 3163 oratio,
1213 3085 1268 3150 sed

174 3226 214 3234 -
229 3207 300 3254 cum
314 3186 483 3270 pulchrum
503 3187 605 3252 minus
626 3195 700 3270 apte
721 3187 909 3253 collocatum
930 3189 1052 3255 nullom
1067 3188 1184 3254 habeat
1204 3189 1267 3252 rim

175 3327 216 3336 --
236 3289 457 3374 opportunitas
477 3309 602 3372 quoque
623 3291 657 3353 in
679 3289 792 3372 quibus
815 3290 891 3356 locis
919 3291 1052 3368 valeret,
1088 3311 1212 3374 quoque
1234 3291 1268 3354 in

174 3390 244 3456 loco
278 3390 416 3474 quidque
452 3399 533 3456 esset
568 3391 782 3457 adhibendum
819 3392 1058 3460 demonstraret.
1123 3392 1266 3458 Cetemm

174 3491 259 3576 quod
281 3491 448 3576 Dionysius
471 3494 503 3556 in
525 3493 667 3576 partibus
689 3493 851 3559 decentiae
870 3496 970 3578 ponit,
991 3501 1028 3559 ut
1048 3495 1216 3578 scriptores
1237 3501 1269 3560 et

175 3599 316 3659 oratores
337 3615 403 3660 rem
424 3593 662 3662 describendam
689 3597 773 3678 aptis
801 3597 964 3664 literarum
994 3599 1078 3664 sonis
1106 3602 1138 3662 et
1159 3595 1269 3662 verbo·

174 3717 244 3761 rum
267 3697 357 3778 quasi
378 3697 494 3764 imitari
516 3695 665 3774 debeant,
686 3697 752 3779 ipse
774 3698 859 3780 quod
880 3719 949 3782 cap.
974 3700 1022 3763 16.
1043 3698 1200 3776 docuerit,
1222 3699 1267 3764 rei

175 3798 391 3864 convenientia
412 3798 555 3882 eligenda
576 3821 643 3864 esse
665 3799 778 3878 verba,
814 3799 856 3865 ad
883 3807 983 3866 totam
1011 3801 1267 3886 compositionem

248 4052 267 4116 ¹)
302 4067 361 4120 usp.
380 4055 422 4106 20.
442 4053 477 4106 in.
495 4058 595 4120 βαθεῖα
623 4049 677 4124 γάρ
695 4071 733 4112 τις
761 4051 827 4122 αὕτη
853 4059 900 4110 καὶ
930 4057 1039 4112 πολλῶν
1065 4049 1139 4104 πάνυ
1159 4053 1272 4120 ὀιομένη

175 4135 264 4206 Ιόγιιν
284 4133 298 4200 ἡ
318 4141 426 4208 θεωρία.
