3002 4788
760 292 800 358 28

241 482 345 548 verbb.
368 505 394 548 c.
420 483 467 546 15.
512 482 573 548 Sed
594 481 679 566 apud
700 482 784 547 hunc
805 481 926 548 accedit
946 483 996 560 id,
1025 482 1108 564 quod
1136 483 1174 548 de
1195 482 1331 548 brevita-

240 587 280 650 tis
302 591 334 652 et
355 585 558 670 longitudinis
579 584 771 670 syllabarum
793 585 944 651 varietate
965 585 1089 650 disserit
1110 607 1136 650 c.
1156 586 1203 649 15.
1226 607 1256 668 p.
1272 585 1329 648 85:

240 684 360 776 μήκους
382 684 437 752 καὶ
458 683 653 776 βραχύτητος
675 689 843 772 συλλαβῶν
865 681 903 752 ού
929 683 989 770 μία
1015 684 1130 774 φύσις,
1166 681 1249 752 ἀλλὰ
1275 683 1331 750 καὶ

239 785 435 877 μακρότεραί
462 789 548 869 τινές
581 786 646 858 εἰσι
678 796 743 856 τῶν
771 780 914 877 μακρῶύ,
952 787 1007 856 καὶ
1043 785 1233 877 βραχύτεραι
1264 794 1330 855 τῶν

240 897 410 979 βραχειῶν,
440 895 525 977 quod
545 895 589 960 ita
608 894 847 978 intelligendum
869 901 932 960 cst:
967 915 1031 960 non
1053 895 1183 960 eandem
1204 895 1331 976 quanti-

239 1002 337 1062 tatem
357 997 495 1082 syllabas
517 999 665 1075 retinere,
703 989 757 1062 sed
784 997 940 1081 longiores
960 996 1155 1062 breuioresve
1185 995 1253 1061 fien'
1274 995 1331 1061 ad-

240 1100 314 1166 ditis
342 1100 392 1166 vel
419 1100 567 1166 detractis
595 1099 847 1166 consonantibus.
902 1100 969 1165 Hoc
996 1101 1091 1166 etiam
1119 1099 1331 1178 Quintilianus

239 1203 293 1282 IX,
315 1203 345 1282 4,
368 1203 417 1267 84.
439 1203 552 1269 tradit:
594 1203 662 1284 „Sit
684 1204 717 1268 in
738 1203 798 1267 hoc
821 1211 953 1286 quoque'
970 1202 1089 1285 aliquid
1111 1202 1244 1268 fortasse
1263 1223 1331 1267 mo-

240 1307 351 1385 menti,
383 1306 468 1389 quod
490 1310 521 1370 et
541 1305 642 1389 longis
671 1305 827 1390 longiores
855 1313 886 1371 et
907 1306 1052 1372 brevibus
1080 1312 1152 1371 sunt
1173 1304 1331 1372 breviores

240 1408 394 1494 syllabae3
426 1415 470 1489 ut,
492 1409 633 1492 quamvis
657 1430 757 1492 neque
778 1411 849 1494 plus
871 1408 992 1474 duobus
1012 1408 1206 1493 temporibus
1229 1430 1331 1491 neque

238 1534 301 1579 uno
322 1512 425 1578 minus
447 1510 563 1578 habere
584 1511 765 1591 videantur,
795 1513 927 1596 ideoque
948 1513 981 1577 in
1002 1513 1110 1578 metris
1132 1534 1238 1578 omnes
1259 1511 1331 1577 bre-

239 1638 291 1682 ves
311 1615 485 1700 longaeque
498 1616 582 1680 inter
596 1636 662 1680 sese
678 1615 856 1699 stirpares,
878 1615 976 1680 lateat
995 1620 1102 1681 tamen
1123 1615 1228 1680 nescio
1243 1615 1330 1697 quid,

239 1718 324 1802 quod
351 1719 486 1803 supersit
513 1723 569 1783 aut
597 1717 686 1784 desit.
745 1717 825 1784 Nam
852 1739 997 1785 versuum
1025 1719 1154 1804 propria
1187 1718 1331 1784 condicio

239 1828 296 1901 cst,
317 1822 448 1904 ideoque
470 1821 503 1886 in
524 1821 574 1886 his
596 1821 750 1904 quaedam
772 1822 866 1887 etiam
888 1828 1097 1887 communes“
1140 1822 1187 1886 De
1208 1842 1271 1904 qua
1286 1843 1330 1901 re,

238 1925 397 1990 amusicis
409 1944 530 1990 summo
546 1922 648 1990 studio
665 1929 776 1990 contra
790 1925 934 1991 metricos
944 1923 1081 2003 defensa,
1102 1947 1142 1990 ne
1157 1924 1282 1990 uberius
1293 1947 1331 1990 ea

237 2028 449 2113 proferamus,
486 2048 566 2109 quae
598 2026 740 2092 homines
773 2027 858 2092 docti
887 2028 932 2094 rei
959 2029 1107 2094 metricae
1137 2027 1330 2093 Graecorum

238 2131 416 2216 peritissimi
437 2129 478 2195 ad
499 2129 652 2213 liquidum
673 2131 901 2214 perduxerunt,
938 2130 1127 2196 conferenda
1154 2136 1228 2197 sunt
1249 2153 1331 2214 quac

236 2258 257 2300 a
291 2232 485 2318 Westphalio
519 2233 673 2318 l'ragmm.
705 2234 761 2299 der
793 2233 908 2317 griech.
943 2233 1091 2318 Rhythm.
1125 2256 1154 2317 p.
1184 2234 1247 2298 245
1262 2256 1330 2318 sqq.

237 2337 408 2403 Rossbach.
424 2343 455 2402 et
476 2335 616 2420 Westph.
639 2336 755 2402 Metrik
776 2338 831 2402 der
853 2336 976 2402 Griech.
1004 2336 1071 2401 Vol.
1095 2337 1118 2401 l.
1141 2337 1170 2401 2.
1194 2336 1274 2401 Anss.
1298 2360 1328 2420 p.

235 2441 297 2506 518
313 2446 384 2506 cett.
406 2446 620 2522 exponuntur3
656 2461 694 2505 ex
716 2439 829 2523 quibus
849 2440 927 2505 locis
948 2446 1095 2523 apparet,
1121 2441 1232 2523 quanti
1254 2441 1330 2505 Dio·

235 2545 317 2629 nysii
338 2543 510 2608 sententiae
531 2565 569 2607 ex
591 2542 775 2625 rhythmicis
796 2544 815 2607 i.
831 2565 857 2607 e.
872 2543 1093 2621 Aristoxenus,
1115 2543 1231 2626 petitae
1252 2565 1329 2627 prae

152 2673 156 2680 ·
236 2647 435 2712 metricorum
473 2644 752 2710 Alexandrinumni
801 2644 961 2724 erroribus
1001 2645 1213 2711 aestimandae
1257 2647 1328 2712 sint.

235 2750 312 2815 Inde
333 2749 427 2814 etiam
449 2747 502 2812 ille
522 2748 611 2814 locus
631 2747 731 2813 lucem
753 2749 882 2833 accipit,
920 2749 958 2813 de
985 2769 1047 2832 quo
1067 2769 1163 2831 supra
1185 2749 1329 2815 consulto

235 2853 404 2919 tacuimusz
441 2871 467 2916 c.
493 2851 542 2914 11.
565 2845 584 2937 ἡ
608 2845 687 2936 πεζὴ
711 2848 797 2932 λέξις
827 2842 956 2929 ούδενός
985 2843 1050 2915 οὔτ’
1073 2843 1233 2933 ὀνόματος
1254 2844 1328 2918 eiius

235 2951 376 3042 ῥήματος
396 2949 542 3038 βιάζεται
564 2948 642 3031 τούς
662 2947 793 3038 χρόνους
815 2946 890 3018 οὐδὲ
910 2948 1141 3040 μετατίθησιν,
1165 2947 1235 3019 ἀλλ’
1256 2954 1329 3032 οἵας

236 3052 417 3144 παρείληφε
437 3060 477 3142 τῇ
499 3050 594 3142 φύσει
622 3050 681 3132 τὰς
709 3051 873 3139 συλλαβὰς
898 3051 958 3134 τάς
985 3080 1021 3122 τε
1047 3052 1172 3143 μακρὰς
1192 3053 1248 3121 καὶ
1268 3054 1329 3136 τὰς

234 3154 393 3247 βραχείας,
416 3154 568 3236 τοιαύτας
590 3153 760 3245 φυλάττει
785 3152 803 3246 ἡ
826 3157 863 3224 δὲ
884 3157 1025 3248 ῥυθμικὴ
1040 3157 1094 3225 καὶ
1115 3156 1253 3248 μουσικὴ
1268 3184 1327 3244 με·

233 3259 449 3347 ταβύλλοοοιν
471 3255 571 3339 αύτάς
592 3262 659 3327 κτλ.

319 3364 365 3431 Ne
380 3365 412 3430 id
428 3364 553 3448 quidem
568 3365 806 3449 explicationem
822 3367 980 3448 requirere
995 3371 1081 3448 puto,
1103 3365 1188 3448 quod
1210 3366 1328 3451 Diony·

236 3469 300 3534 sius
322 3490 349 3534 c.
374 3468 421 3532 16.
444 3473 563 3546 censet,
589 3468 718 3533 adrem
741 3468 933 3553 propositam
957 3467 1047 3550 quasi
1068 3468 1254 3535 imitationis
1274 3491 1327 3536 ra-

234 3574 319 3638 tione
348 3571 584 3637 describendam
611 3570 801 3654 syllabarum
831 3576 977 3637 naturam
1006 3571 1144 3635 maximo
1172 3593 1239 3638 esse
1260 3593 1327 3637 mo-

235 3680 350 3752 mento,
372 3679 404 3739 et
425 3675 511 3758 apud
532 3675 667 3757 optimos
688 3681 797 3758 poetas
819 3695 856 3739 ac
878 3675 1038 3758 prosarios
1060 3694 1098 3737 ea
1118 3674 1215 3739 verba
1236 3696 1328 3740 usur-

234 3777 320 3861 pari,
355 3798 436 3860 quae
456 3799 522 3842 rem
543 3777 678 3842 maxime
707 3779 867 3843 imitentur
895 3771 973 3860 (ὅσα
994 3772 1240 3862 μιμητικώτατα
1262 3782 1326 3842 τῶν

235 3877 433 3966 πραγμάτων
455 3874 573 3959 auriag·
609 3900 683 3946 nam
705 3881 771 3964 ipse
794 3880 934 3947 declarat
961 3900 1026 3944 non
1047 3879 1183 3961 primum
1204 3880 1243 3947 de
1265 3881 1327 3947 hac

235 4005 269 4049 re
290 4005 323 4048 se
352 3983 529 4065 disputare,
566 3980 620 4047 sed
642 4004 713 4048 cum
742 3984 856 4049 multos
888 3989 982 4048 antea
1010 3987 1078 4047 tum
1100 3982 1263 4049 Platonem
1292 3985 1326 4050 in

234 4085 361 4168 Oratylo
383 4084 508 4169 dialogo
529 4085 562 4150 id
583 4083 708 4165 fecisse3
744 4085 782 4152 de
809 4107 871 4168 quo
893 4087 946 4168 qui
974 4085 1036 4149 huc
1064 4086 1200 4168 pertinet
1221 4087 1325 4154 locum

232 4188 403 4254 attulimus.
