3002 4788
741 293 782 358 26

220 499 274 544 nes
296 477 335 544 de
355 479 453 544 literis
475 486 506 546 et
527 480 656 565 syllabis
678 482 719 548 ad
748 484 894 547 metricos
915 483 1072 564 pertinere
1094 488 1125 547 et
1145 487 1310 546 consenta-

219 603 311 650 neum
334 587 381 648 est
409 588 440 647 et
466 581 507 648 ab
530 585 696 650 Aristotele
717 585 803 650 Poet.
826 586 877 648 20.
906 583 1122 650 confirmatur:
1160 579 1237 668 περὶ
1265 572 1310 646 ὧν

219 677 297 748 καθ’
319 680 456 750 ἕκαστον
479 682 515 749 ἐν’
533 688 604 764 τοῖς
629 690 793 772 perpaucis
820 682 977 774 προσήκει
999 689 1145 774 θεωρεῖν.
1188 686 1310 752 Scimus

218 787 313 852 etiam
324 788 543 854 Aristoxenum
552 792 788 873 grammaticam
798 811 856 874 pro
866 796 956 873 parte
966 791 1102 856 musicae
1116 790 1262 856 habuisse
1275 793 1283 836 ¹
1287 793 1310 872 ).

219 888 367 954 Definitio
382 911 455 956 vero
476 891 647 973 literarum,
669 914 765 976 quam
775 892 943 977 Dionysius
964 891 1098 979 profert:
1125 885 1232 976 Ἀρχαὶ
1253 896 1311 978 τῆς

219 985 430 1080 ἀνθρωπίνης
451 991 507 1058 καὶ
531 989 690 1082 ἐνάρθρου
711 999 833 1082 φωνῆς,
872 991 905 1060 αἱ
932 993 1047 1082 μηκέτι
1069 990 1236 1077 δεχόμεναι
1258 994 1309 1060 do-

219 1090 351 1182 αίρεσιν,
374 1085 413 1173 ἃς
434 1096 592 1179 καλοῦμεν
613 1100 758 1178 στοιχεῖα
778 1094 833 1163 καὶ
844 1093 1032 1184 γράμματα·
1054 1093 1226 1182 γράμματα
1240 1095 1309 1180 μέν,

218 1193 271 1266 ὅτι
309 1202 471 1286 γραμμαῖς
511 1221 580 1266 τισι
621 1195 822 1287 σημαίνεται·
860 1203 1004 1281 στοιχεῖα
1034 1197 1084 1279 δέ,
1125 1195 1178 1264 ὅτι
1217 1204 1337 1270 πᾶσα.

218 1298 309 1388 φωνὴ
330 1297 388 1389 τὴν
409 1299 533 1387 γένεσιν
554 1301 590 1368 ἐκ
611 1300 734 1369 τούτων
752 1299 910 1387 λαμβάνει
925 1307 1063 1389 πρῶτον,
1086 1298 1141 1367 καὶ
1163 1299 1222 1390 τὴν
1236 1300 1309 1369 deoi-

219 1404 310 1471 λυσιν
331 1399 379 1482 εἰς
400 1409 501 1470 ταῦτα
523 1410 669 1472 ποιεῖται
690 1403 884 1486 τελευταίαν,
908 1406 985 1472 haec
999 1427 1038 1470 ex
1051 1406 1310 1490 philosophorum

219 1509 342 1593 placitis
364 1509 474 1592 perdiu
496 1514 572 1574 nota
593 1514 676 1586 erat,
705 1531 743 1574 ac
764 1512 816 1576 vix
837 1515 885 1575 est
906 1531 963 1574 our
982 1508 1017 1574 id
1038 1529 1190 1574 moneam.
1233 1510 1311 1576 Dio-

219 1613 325 1694 nysius
352 1611 478 1695 quidem
505 1612 589 1676 hunc
617 1612 814 1694 potissimum
842 1614 946 1679 locum
977 1613 1151 1695 respexisse
1172 1612 1309 1678 videtur:

219 1716 347 1782 Aristot.
376 1715 461 1780 Poet.
483 1736 510 1780 o.
533 1715 582 1780 20.
609 1718 770 1796 στοιχεῖον
796 1713 856 1798 μὲν
877 1705 933 1780 οὖν
954 1712 1026 1780 ἐστὶ
1053 1710 1143 1801 φωνὴ
1164 1709 1309 1800 ἀδιαίρε-

218 1840 289 1898 τος,
329 1812 367 1882 οὐ
395 1820 487 1882 πᾶσα
517 1815 566 1897 δέ,
604 1811 674 1882 ἀλλ’
701 1815 737 1898 ἒξ
766 1807 804 1904 ἧς
833 1815 959 1905 criptae
988 1813 1101 1903 συνετὴ
1138 1813 1311 1902 γίγνεσθαι

218 1916 324 2009 φωνή·
347 1918 402 1986 καὶ
424 1921 483 2006 γὰρ
504 1923 569 1984 τῶν
592 1915 716 2008 θηρίων
737 1915 819 1985 εἰσὶν
842 1913 1021 2004 α’ὁιαίρετυι
1036 1915 1151 2006 φωναί,
1174 1908 1219 1984 ὧν
1234 1914 1310 1986 οὐδὲ

217 2019 296 2107 μίαν
318 2020 399 2107 λέγω
420 2026 588 2104 στοιχεῖον,
610 2045 721 2106 nempe
742 2025 819 2106 quia
838 2024 872 2088 in
894 2023 1032 2108 syllabas
1051 2043 1204 2105 vocesque
1226 2045 1311 2088 com·

218 2126 370 2211 prehendi
391 2146 455 2191 non
476 2132 616 2209 possunt.
660 2124 706 2190 Cf.
727 2125 883 2191 Steinthal
905 2125 925 2190 l.
951 2147 976 2190 o.
999 2147 1030 2208 p.
1052 2125 1124 2190 552.
1169 2126 1217 2192 De
1237 2148 1311 2210 par-

218 2230 329 2294 titione
350 2251 388 2294 ac
409 2249 539 2293 numero
561 2228 723 2294 literarum
737 2227 862 2294 uberius
885 2227 1047 2311 disputare
1069 2249 1147 2311 opus
1168 2236 1310 2296 nonest:

219 2333 258 2398 de
280 2333 330 2398 his
351 2332 434 2398 enim
454 2353 475 2396 a
494 2331 690 2414 philosophis
706 2334 734 2416 2)
764 2337 795 2396 et
816 2353 836 2396 a
857 2331 1080 2414 grammaticis,
1102 2330 1311 2396 Aristarcheis

218 2435 270 2518 (de
292 2455 425 2518 quorum
446 2455 525 2512 uno,
540 2433 697 2518 ‚Dionysio
718 2433 832 2498 Thraci
854 2453 949 2515 supra
975 2432 1061 2514 quod
1081 2433 1144 2500 huc
1165 2435 1311 2516 pertinet,

217 2539 412 2621 disputatum
432 2539 503 2617 est),
525 2535 658 2617 denique
679 2558 699 2602 a
714 2536 855 2602 Varrone
869 2537 901 2599 in
917 2536 999 2602 libro
1015 2537 1053 2600 de
1067 2537 1310 2619 grammaticae

218 2642 295 2708 satis
317 2659 471 2723 superque
492 2638 702 2720 disceptatum
731 2645 815 2717 erat,
852 2638 907 2704 sed
935 2660 974 2704 ne
996 2639 1042 2703 ita
1071 2636 1196 2720 quidem
1229 2638 1311 2704 inter

218 2764 326 2810 omnes
347 2742 387 2808 de
408 2761 537 2807 numero
559 2740 722 2806 literarum
743 2741 920 2806 constitisse
935 2762 974 2806 ex
995 2762 1032 2808 eo
1053 2745 1199 2824 apparet,
1227 2739 1312 2822 quod

218 2847 386 2931 Dionysius
413 2865 446 2910 se
476 2850 571 2926 negat
592 2843 663 2927 plus
689 2843 791 2908 XXIV
813 2843 920 2930 literas
946 2864 1129 2926 supponere.
1172 2841 1311 2908 Maximo

217 2970 291 3016 vero
313 2955 361 3014 est
380 2951 555 3023 momento,
591 2945 677 3027 quod
698 2966 791 3011 sonos
819 2945 1012 3029 siuguiarum
1035 2945 1198 3011 literarum
1218 2966 1310 3012 aceu-

216 3053 317 3120 ratius
339 3048 500 3125 describit,
522 3055 617 3130 atque
637 3048 684 3112 ita
705 3048 850 3130 quidem,
871 3053 907 3112 ut
929 3046 1063 3126 indicet,
1087 3069 1150 3130 qua
1170 3069 1312 3130 quaeque

218 3157 281 3222 oris
313 3159 404 3238 parte
435 3151 676 3234 pronuncietur,
712 3149 847 3233 indeque
880 3150 982 3231 qualis
1012 3148 1167 3217 efficiatur
1199 3171 1310 3217 sonus:

217 3280 285 3342 cap.
311 3257 359 3322 14.
380 3277 411 3338 p.
428 3252 562 3318 74-85.
606 3252 653 3318 De
675 3274 738 3335 qua
759 3274 793 3318 re
815 3274 853 3318 ex
874 3254 1149 3337 grammaticorum
1170 3254 1311 3336 reliquiis

217 3362 251 3427 iu
277 3357 420 3442 Dionysii
451 3356 581 3421 Thracis
613 3357 687 3420 Arte
716 3355 931 3422 Grammatica
960 3356 1040 3422 nihil
1070 3356 1221 3422 traditum
1253 3362 1310 3433 est,

293 3590 315 3656 ¹)
349 3587 502 3655 Quintil,
524 3590 563 3653 10,
585 3590 625 3639 17.
650 3585 803 3654 „Archytas
828 3589 910 3654 atque
933 3584 1112 3638 Aristoxenus
1143 3585 1227 3638 etiam
1250 3587 1311 3639 sub·

215 3679 317 3748 jectam
340 3677 537 3746 grammaticen
562 3675 682 3728 musicae
705 3677 881 3742 putaverunt,
913 3676 941 3726 et
964 3674 1073 3726 eosdem
1103 3673 1246 3742 utriusque
1272 3675 1312 3728 rei

219 3770 408 3837 praeceptores
428 3763 512 3816 fuisse
532 3779 594 3816 cum
612 3761 736 3830 Sophron
754 3761 874 3814 ostendit
892 3789 925 3798 -—
952 3764 1011 3812 tum
1029 3759 1142 3828 Eupolis
1163 3764 1245 3816 cett.“
1276 3762 1311 3816 ei.

222 3855 312 3909 Sehoh
330 3853 366 3906 ad
383 3851 511 3919 Hermog.
530 3850 589 3919 VH,
609 3853 669 3904 965.
705 3850 748 3901 W.
767 3847 909 3916 Westphal
928 3848 945 3900 l.
965 3865 989 3900 c.
1007 3866 1033 3916 p.
1052 3850 1094 3900 41.

241 3929 244 3936 ’
291 3942 313 4009 ν)
351 3939 387 3993 α.
405 3938 517 3991 sessos.
537 3937 612 3991 roes.
632 3955 655 3991 c.
674 3939 716 3991 ao.
752 3935 1108 4004 praecesseras.
1152 3935 1257 3990 Purus
1278 3940 1310 3990 rs

220 4032 247 4085 h.
265 4047 289 4083 c.
324 4028 465 4082 Theaetet.
490 4027 541 4078 203
554 4026 581 4079 b.
618 4022 754 4104 Steinthai
778 4022 795 4074 l.
814 4040 836 4076 c.
862 4040 889 4090 p.
910 4025 973 4088 125,
1004 4022 1050 4091 qui
1076 4023 1157 4078 docet
1180 4024 1311 4092 quamdiu

219 4122 284 4170 ante
299 4117 390 4185 ipsum
409 4113 551 4166 Platonem
570 4113 604 4166 de
622 4130 654 4166 ea
671 4130 701 4165 re
719 4111 884 4166 convenerit.

290 4203 313 4273 3)
347 4202 382 4258 of.
402 4201 561 4268 Wilmanns‚
578 4200 619 4253 De
637 4200 674 4253 M.
690 4198 820 4253 Varronis
839 4197 917 4252 libris
935 4197 1129 4268 grammaticis,
1148 4217 1174 4268 p.
1195 4202 1253 4254 108.
