3002 4788
657 235 790 352 ‘se

223 474 462 558 propagandum
484 494 551 539 osse
573 472 743 557 significat:
786 478 888 541 cairo
916 480 1164 564 παρατηροῦντα
1190 477 1241 559 eet
1262 475 1320 542 τὸν

222 569 351 661 ἀγαθὸν
380 571 520 662 ποιητήν
541 598 577 641 τε
598 573 654 639 καὶ
683 573 800 663 ῥήτορα
821 575 996 665 μιμητικὸν
1022 570 1190 644 εἶναιτῶν
1212 600 1320 664 πραγ-

221 675 342 761 μάτων,
365 673 449 761 ὖπέρ
471 667 516 742 ὧν
536 670 576 741 liv
597 675 673 756 τοὺς
694 673 808 763 λόγους
828 675 956 768 ἐκφέρῃ,
979 678 1023 766 μὴ
1044 677 1142 762 μόνον
1163 678 1247 745 κατὰ
1261 678 1321 768 τὴν

223 777 357 866 ἐκλογὴν
385 785 450 845 τῶν
479 773 660 862 ὀνομάτων,
697 776 782 846 atta
810 779 865 846 καὶ
893 779 976 847 κατὰ
1002 779 1061 869 τὴν
1090 779 1245 849 σύνθεσιν
1274 788 1318 868 (ρ.

226 883 417 975 136.137.).

308 986 394 1050 Finis
416 985 474 1064 sit,
487 1023 488 1030 ν
501 1006 576 1051 nam
598 1005 678 1068 quae
700 984 812 1050 deinde
834 993 1008 1068 sequuntur
1029 986 1257 1070 disputationes
1279 986 1319 1052 de

223 1087 326 1154 tribus
346 1088 512 1172 generibus
544 1087 669 1153 dicendi
697 1093 728 1152 et
749 1087 788 1152 de
818 1089 923 1153 soluta
951 1095 1047 1172 atque
1067 1091 1192 1172 poetica
1214 1089 1320 1154 elocu-

222 1192 308 1256 tione
330 1189 431 1256 altera
451 1189 543 1256 alteri
563 1189 783 1268 adsimilanda,
804 1210 842 1255 ex
864 1191 908 1255 eis
930 1211 1011 1273 quae
1033 1190 1072 1256 de
1093 1190 1319 1270 modulatione,

223 1313 363 1372 numero,
383 1293 566 1371 variatione,
588 1291 731 1357 decentia
752 1291 895 1376 exposita
915 1298 998 1371 sunt,
1019 1293 1111 1359 facile
1131 1292 1319 1377 intellegun-

222 1401 284 1460 tur.
328 1394 396 1462 Ηοα
418 1395 515 1478 igitur
537 1399 671 1473 constat,
693 1394 877 1478 Dionysium
898 1396 1001 1478 ipsum
1015 1394 1173 1460 levissima
1193 1398 1319 1460 tantum

223 1497 432 1580 excogitasse,
462 1497 517 1562 sed
538 1517 621 1579 quae
642 1517 681 1562 ex
702 1496 846 1562 doctrina
866 1497 1073 1580 grammatica
1095 1504 1127 1563 et
1148 1496 1318 1575 rhetorica,

222 1596 407 1663 harmonica
426 1597 667 1683 rhythmicaque
688 1603 720 1664 et
741 1599 872 1664 metrica
892 1606 969 1682 apta
990 1598 1185 1677 viderentur,
1219 1597 1319 1664 admi·

222 1700 316 1766 rabili
337 1707 405 1766 arte
425 1701 472 1766 ita
492 1700 535 1766 erl
557 1702 707 1768 orationis
729 1707 761 1766 et
780 1706 960 1783 poematum
983 1701 1241 1784 compositionem
1262 1700 1319 1766 ad-

221 1803 377 1881 hibuisse,
413 1802 487 1867 inde
513 1806 550 1866 ut
578 1823 692 1868 noram
721 1802 921 1886 disciplinam
948 1804 1127 1868 institueret
1159 1802 1319 1884 talemque

221 1906 337 1970 artium
358 1904 537 1970 liberalium
559 1905 814 1990 conjunctionem
828 1905 863 1968 in
883 1905 1158 1986 praestantissimis
1178 1909 1318 1969 vetenun

224 2007 351 2091 scriptis
374 2007 474 2072 inesse
496 2007 724 2091 comprobaret.
769 2004 833 2070 Nos
855 2011 961 2072 autem
977 2008 1003 2072 si
1024 2007 1057 2071 in
1072 2025 1109 2071 eo
1133 2003 1317 2070 offendimus

224 2107 309 2191 quod
330 2109 453 2174 aurium
468 2109 604 2174 acumini
618 2106 742 2174 inante
764 2108 888 2174 dicendi
910 2107 1106 2182 aestimanda
1126 2107 1230 2174 omnia
1250 2106 1317 2171 fere

222 2210 334 2277 tribuit
362 2210 595 2292 sententiasque
624 2232 705 2293 quae
734 2211 767 2275 in
788 2211 890 2276 verbis
918 2210 1019 2276 latent
1046 2229 1161 2295 pamm
1181 2207 1315 2294 respicit,

222 2313 283 2378 hoc
311 2317 493 2392 teneamus,
530 2312 730 2378 delectationi
759 2331 824 2377 non
853 2314 920 2397 ejus
953 2312 1077 2378 demum
1112 2317 1215 2377 aetate
1246 2309 1317 2400 plns

222 2416 376 2482 tributum
398 2435 465 2481 esse
487 2435 582 2496 quam
603 2413 743 2479 utilitati.
