3002 4788
724 243 826 354 21¹

194 480 296 543 ταῦτα
317 469 401 542 εἶναι
422 471 634 555 τελικιότατα,
667 467 710 540 ὧν
732 471 889 562 ἐφίεσθαι
911 476 962 542 δεῖ
983 473 1058 554 τοδς
1073 477 1285 557 συντιθέντας

195 573 229 646 εὖ
251 578 352 666 μέτρα
374 575 484 644 τεκαὶ
506 574 634 662 λόγους,
672 574 693 666 η’
713 603 748 644 τε
769 573 866 666 ἡδονὴ
889 577 944 644 καί
964 578 1002 645 τό
1025 575 1132 644 καλόν·
1155 619 1194 630 -
1232 579 1288 646 καὶ

195 682 239 772 μὴ
263 679 447 770 παράδοξον
468 677 627 770 ἡγήσηταί
645 705 705 762 τις,
729 676 758 746 εὶ
773 676 831 746 δύο
853 686 958 747 ποιῶ
978 682 1063 769 τέλη,
1092 680 1147 747 καὶ
1165 680 1288 768 χωρίζω

195 785 234 852 τό
261 783 361 850 καλὸν
389 779 458 850 άπὸ
486 789 545 872 τῆς
573 779 698 872 ἡδονῆς.
757 783 832 869 (lap.
858 786 905 850 11.
939 781 998 864 τὰς
1025 784 1211 873 διαιρέσεις,
1249 777 1289 865 δίς

196 886 469 976 ἐποιησάμην,
507 891 565 975 τῆς
593 880 629 952 δ’
656 882 768 975 ἡδείας
797 886 982 966 συνδέσεως
1011 886 1066 952 καί
1093 894 1152 976 τῆς
1177 890 1286 976 καλῆς.

196 992 278 1072 Quid
300 992 339 1058 de
360 991 513 1057 suauitate
535 991 668 1074 cogitari
688 991 772 1069 velit,
795 1013 821 1056 o.
847 992 894 1055 11.
916 992 958 1057 in.
980 993 1158 1058 accuratius
1181 992 1287 1059 docet:

195 1092 303 1161 τάττω
323 1089 390 1159 δπδ
412 1091 472 1177 μέν
492 1089 550 1181 τὴν
571 1087 688 1181 ἡδονὴν
709 1089 767 1179 τὴν
789 1089 874 1179 άίραν
895 1089 950 1158 καί
971 1090 1029 1181 τὴν
1049 1089 1140 1178 χάριν
1160 1091 1217 1159 καὶ
1229 1091 1288 1182 τὴν

195 1193 369 1281 εὐστομίαν
390 1193 445 1261 καί
466 1193 524 1283 τὴν
545 1192 724 1281 γλυκίτητα
744 1193 799 1260 καὶ
820 1193 858 1260 τὸ
880 1193 1027 1262 πιθανὸν
1048 1193 1103 1262 καί
1124 1193 1234 1263 πάντα
1247 1195 1289 1263 τά

195 1305 342 1380 τοιαῦτα,
379 1301 413 1366 iu
441 1298 675 1383 pulchritudino
708 1300 799 1381 ponit
825 1293 883 1384 τὴν
915 1297 1199 1384 μεγαλοπρέπειαν
1234 1298 1289 1366 καί

195 1402 233 1471 τό
255 1401 355 1488 βάρος
375 1398 431 1466 καί
452 1397 510 1488 τὴν
531 1397 742 1484 σεμνολογίαν
763 1399 818 1466 καί
839 1398 877 1468 τό
902 1396 1029 1485 άξίωμα
1050 1403 1201 1486 (dolenda
1234 1400 1289 1469 καί

194 1504 232 1574 τὸ
254 1501 431 1586 πιθανόν),
454 1500 572 1568 καὶτὰ
593 1497 721 1582 τούτοις
742 1495 849 1588 ὃμοια.
884 1502 979 1572 ταυτί
1011 1501 1070 1590 γάρ
1099 1528 1156 1587 μοι
1187 1507 1285 1585 δοκεῖ,

195 1611 313 1694 inquit,
347 1601 528 1694 κυριώτατα
549 1598 641 1672 εἶναι.
685 1608 727 1672 Et
748 1629 842 1674 suavo
864 1607 990 1690 quidem
1012 1614 1044 1675 ct
1065 1609 1230 1692 pulohuum
1251 1611 1289 1675 il-

195 1714 250 1779 lud
272 1711 360 1777 nasci
381 1714 486 1774 conset
507 1709 674 1795 Dionysius
696 1710 908 1776 modulatione
928 1732 1055 1791 vocum,
1083 1733 1213 1778 numero
1234 1734 1288 1778 seu

197 1816 354 1901 rhythmo,
377 1812 558 1890 variatione,
580 1812 734 1892 docentia,
756 1813 789 1880 id
812 1813 897 1897 quod
918 1820 949 1880 et
969 1815 1072 1898 ipsum
1087 1837 1126 1880 cx
1140 1835 1197 1879 sua
1219 1836 1289 1880 seu·

194 1919 294 1985 tentia
315 1937 381 1982 osso
403 1915 559 2000 significat
581 1938 607 1981 c.
633 1918 680 1982 11.
703 1918 763 1982 im:
800 1905 900 1997 ἐξιόν
922 1915 959 1983 δὲ
987 1911 1126 1999 οἴομαι
1156 1913 1287 2004 γενησε-

196 2026 279 2086 σθαι
301 2017 386 2100 λέξιν
407 2011 518 2104 ἡδεῖαν
539 2016 594 2084 καὶ
615 2014 715 2107 καλήν
736 2019 804 2084 κτλ.
848 2019 885 2084 Id
900 2020 973 2102 quia
989 2020 1166 2087 accuratius
1188 2021 1288 2104 expli·

194 2122 391 2199 candebat,
427 2142 555 2187 causam
577 2121 667 2188 addit
688 2144 778 2206 capp.
804 2123 852 2186 11.
878 2124 925 2186 12.
970 2123 1094 2188 Etenim
1116 2122 1289 2188 modulatio

195 2247 342 2293 numerus
363 2224 497 2289 variatio
514 2223 659 2290 docentia
679 2223 806 2307 (μέλος,
830 2219 970 2310 ῥυθμός,
999 2221 1178 2313 μεταβολή,
1207 2223 1288 2310 πρέ-
1397 2297 1398 2302 ¹

195 2335 273 2411 πον)
293 2334 330 2393 ut
351 2325 550 2392 audientibus
571 2332 663 2411 grata
684 2329 763 2406 siut,
796 2326 894 2394 efficit
916 2327 1080 2392 literarum
1101 2333 1133 2393 et
1154 2327 1290 2412 syllaba·

194 2453 264 2498 rum
285 2430 331 2496 vis
353 2451 391 2495 ao
412 2433 527 2494 natura
552 2450 720 2512 earumque
747 2431 835 2514 justa
862 2430 1028 2496 collocatio
1046 2434 1082 2516 ¹).
1105 2470 1146 2478 -
1182 2431 1215 2496 Ρ.
1238 2432 1288 2496 96.

194 2534 308 2611 omnia,
330 2554 411 2616 quaa
432 2537 526 2597 autea
547 2531 780 2611 demonstravit,
802 2534 847 2598 sic
863 2534 1113 2616 comprehcndit:
1135 2529 1169 2597 τί
1191 2530 1229 2620 δη
1250 2530 1288 2598 τὸ

192 2632 370 2725 κεφάλαιόν
402 2629 474 2700 έστί
509 2657 567 2717 μοι
602 2639 661 2700 τοῦ
692 2632 803 2722 λόγους
838 2631 890 2701 ότι
920 2633 1010 2721 παρὰ
1042 2634 1102 2719 μὲν
1133 2632 1192 2714 τὰς
1223 2640 1288 2700 τῶν
1340 2704 1345 2712 ,

192 2735 387 2826 γραμμάτων
416 2734 608 2820 συμπλοκὰς
636 2736 655 2826 ἦ
683 2743 748 2803 τῶν
776 2738 945 2823 συλλαβῶν
977 2733 1099 2823 γίνεται
1132 2735 1288 2818 σύνθεσις

193 2838 336 2930 ποικίλη,
360 2838 450 2927 παρά
465 2839 501 2906 δέ
515 2837 574 2919 τὰς
587 2845 652 2905 τῶν
667 2842 836 2926 συλλαβῶν
852 2839 1024 2918 συνθέσεις
1044 2837 1064 2929 ἡ
1086 2846 1150 2906 τῶν
1165 2837 1286 2926 ὀνομά-

193 2969 256 3011 των
278 2941 376 3032 φόσις
390 2939 596 3034 παντοδαπή,
620 2941 710 3031 παρὰ
733 2943 769 3010 δὲ
790 2941 849 3024 τὰς
863 2948 928 3010 τῶν
943 2937 1110 3026 ὀνομάτων
1132 2940 1288 3031 ἁρμονίας
1333 3022 1335 3028 ¹

193 3042 444 3134 πολύμορφοςδ
474 3042 569 3131 λόγος
595 3042 734 3132 γίνεται·
771 3043 854 3114 ὥστε
882 3043 989 3135 πολλὴ
1020 3041 1154 3136 ἀνάγκη,
1188 3046 1287 3137 καλὴν

191 3149 251 3235 μέν
272 3142 355 3215 εἶναι
377 3148 475 3230 λέξιν,
506 3147 539 3214 ἐν
561 3139 581 3237 ᾗ
603 3148 686 3215 καλά
708 3149 797 3216 ἐστιν
818 3145 977 3234 ὀνόματα,
1006 3151 1112 3216 καλῶν
1132 3146 1162 3216 δ’
1183 3147 1285 3236 άρμο-

192 3258 268 3320 ναῦν
290 3245 453 3335 συλλαβάς
473 3275 509 3316 τε
530 3250 585 3317 καί
606 3249 778 3340 γράμματα
805 3251 889 3319 καλὰ
918 3247 1009 3318 αἴτια
1036 3257 1134 3333 εῖναι,
1173 3249 1285 3342 ἡδεῖάν

191 3380 228 3422 τε
249 3351 417 3423 διάλεκτον
445 3352 565 3419 ἐκτῶν
592 3351 771 3443 ἡδυνόντων
798 3353 855 3444 την
882 3350 981 3443 άκοὴν
1002 3352 1163 3442 γίνεσθαι.
1208 3357 1285 3424 Sen-

191 3459 297 3525 ticndo
319 3459 415 3543 igitur
442 3479 512 3522 oum
540 3458 673 3541 pulchra
702 3466 733 3525 ct
754 3460 857 3525 suavis
887 3460 988 3526 oratio
1010 3460 1216 3542 percipiatur,
1252 3461 1285 3526 id

191 3563 326 3646 primum
347 3561 575 3644 respiciendum
597 3582 664 3627 csse
692 3567 806 3628 conset.
850 3562 940 3640 Quod
969 3583 1040 3627 cum
1061 3562 1157 3629 Stoici
1179 3563 1284 3648 negle-

1265 3659 1284 3686 Ἀ

191 3666 305 3743 norint,
326 3665 495 3749 Dionysius
516 3685 546 3746 p.
563 3663 613 3727 31.
636 3664 674 3728 dc
695 3664 739 3729 ais
761 3665 820 3730 hoc
841 3665 903 3732 fcrt
921 3664 1089 3750 judicium:
1112 3660 1242 3748 πολλοί,
1263 3691 1282 3754 η

262 3859 282 3917 ll
318 3875 341 3910 o.
362 3861 402 3910 12.
421 3855 599 3924 γλυκαίνουσί
615 3869 684 3911 τινες
708 3850 792 3920 αὐτὴν
815 3848 879 3923 ἦχοι
896 3856 942 3905 καὶ
961 3856 1137 3924 πικραίνουσι
1155 3857 1201 3906 καὶ
1218 3873 1283 3925 τρα-

189 3941 306 4014 χύνουσι
329 3946 375 3996 καὶ
399 3945 547 4004 λεαίνουσι,
577 3943 624 3993 καὶ
648 3937 735 3993 πολλὰ
760 3937 827 3994 ἄλλα
852 3937 930 4012 πάθη
956 3946 1068 3994 ποιοῦσι
1097 3945 1161 4014 περὶ
1183 3941 1281 4010 αὐτήν·

192 4035 265 4084 αἴτια
283 4030 313 4086 δὲ
333 4027 350 4097 ἥ
367 4046 394 4082 τε
412 4035 466 4082 τῶν
484 4025 654 4103 γραμμάτων
672 4026 762 4101 φάσις,
782 4031 811 4090 ἐξ
828 4022 865 4083 ὧν
883 4026 988 4102 ἦφωνὴ
1008 4033 1161 4096 συνέστηκε,
1181 4028 1283 4091 πολλάς

191 4122 237 4172 καὶ
255 4116 405 4191 διαφόρους
422 4121 524 4188 ἔχουσα
542 4114 684 4190 δυνάμεις,
709 4120 756 4170 καὶ
773 4116 789 4186 ἡ
808 4123 862 4172 ταῖν
879 4121 1018 4186 συλλαβῶν
1036 4115 1123 4184 πλοκὴ
1142 4119 1282 4171 παντοδα-

191 4211 250 4269 πῶς
267 4209 494 4278 σχηματιζομένη.
