3002 4788
758 299 800 363 24

234 491 347 569 tianus,
370 488 424 554 alii
445 478 537 554 latini
558 487 710 566 rhetores,
731 487 772 552 ab
794 487 950 567 coeliani,
972 489 1143 554 sententias
1166 511 1237 554 suas
1258 512 1326 554 mu-

234 595 314 658 sicas
344 613 383 657 ex
414 590 543 657 Graecis
576 590 718 656 desumta
750 590 926 657 tradebant.
985 591 1094 674 ltaque
1125 614 1145 657 a
1176 592 1327 676 Dionysio

234 694 389 778 quaedam
410 693 500 759 nobis
521 692 640 758 tradita
661 700 750 771 sunt,
781 713 862 775 quae
883 715 953 766 eum
975 695 1154 779 diligentius
1174 695 1239 760 illis
1261 699 1327 760 stu-

234 797 294 862 diis
315 819 348 862 se
363 795 518 862 dedidisse
539 795 753 879 comprobant.
796 795 826 861 Is
848 797 931 862 enim
951 819 1048 877 unua,
1073 798 1157 881 quod
1184 799 1328 877 sciamus,

235 901 327 966 docet
347 900 380 964 in
403 900 545 964 oratione
566 899 751 982 quotidiana
772 920 829 965 nec
844 899 929 965 ultra
944 901 1091 984 diapente
1106 900 1191 984 quod
1212 900 1328 967 dicitur

235 1002 338 1068 efferri
360 1024 418 1069 neo
439 999 524 1067 infra
545 1001 714 1068 subsistere
734 995 845 1080 vocum
875 1003 1129 1070 modulationem.
1172 1004 1328 1071 Nimirum

234 1106 397 1170 notissima
418 1106 496 1170 haec
517 1104 672 1170 sententia
693 1103 789 1170 fnisse
811 1105 1019 1172 existimanda
1040 1114 1101 1185 est,
1137 1127 1328 1190 quanquam,

235 1210 289 1292 qui
310 1209 429 1292 primus
450 1229 520 1272 eam
541 1208 701 1286 statuerit,
723 1228 780 1272 nos
802 1208 928 1292 quidem
949 1209 1112 1294 explorare
1132 1232 1196 1276 non
1218 1232 1329 1295 possu—

235 1334 313 1377 mus.
357 1311 577 1376 Aristoxenum
599 1310 639 1376 de
659 1310 832 1377 intervallis
859 1313 894 1377 in
915 1311 1129 1379 modulatione
1151 1314 1328 1380 obtinendis
1393 1337 1398 1350 ·

235 1414 413 1480 accuratius
441 1415 541 1498 egisse
570 1412 748 1498 significant
776 1437 814 1479 ea
841 1414 937 1480 verba
958 1414 1056 1480 Elem.
1086 1416 1228 1482 hermon
1250 1416 1275 1496 Ι,
1297 1419 1327 1482 3.

236 1539 316 1600 quae
337 1538 433 1600 supra
453 1517 495 1581 ad
515 1517 670 1582 rationem
696 1517 779 1582 inter
807 1519 980 1582 orationem
1002 1523 1034 1583 et
1054 1525 1154 1585 amem
1177 1519 1327 1585 musicam

236 1618 510 1686 demonstrandam
532 1621 855 1700 commemoravimus3
892 1620 1032 1688 notanda
1060 1622 1154 1688 etiam
1171 1625 1220 1688 'ea
1244 1628 1327 1701 sunt,

236 1745 317 1806 quae
338 1723 394 1789 illo
415 1724 484 1789 loco
506 1721 610 1788 addit:
640 1718 805 1804 ἐπιμελῶς
827 1717 856 1787 δ’
877 1716 983 1789 οὐδενὶ
1005 1719 1145 1790 πώποτε
1165 1725 1330 1812 γεγένηται

236 1824 313 1912 περὶ
334 1821 449 1892 τούτου
471 1819 622 1912 διορίσαι,
646 1819 697 1903 τίς
718 1819 870 1913 ἑκατέρας
899 1820 1005 1892 αδτιῖιν
1033 1825 1186 1916 διαφορά·
1216 1823 1330 1898 ,καίτοι

235 1925 350 1994 τούτου
371 1924 416 2016 μὴ
438 1923 673 2015 διορισθέντος,
697 1921 736 1992 οδ
751 1925 837 1994 πάνυ
859 1925 970 2019 ῥόδων
991 1925 1098 1997 εἰπεῖν
1120 1927 1196 2018 περὶ
1218 1926 1329 2018 φθόγ-

236 2055 301 2117 γου,
325 2027 359 2096 ω’
379 2029 463 2096 ποτέ
484 2029 582 2097 ἐστιν.
625 2031 755 2097 Accedit
785 2033 870 2114 quod
898 2032 975 2099 fines
1003 2035 1155 2117 quosdam
1185 2055 1252 2101 esse
1273 2035 1330 2100 do-

236 2142 299 2213 cet,
320 2135 406 2200 iutra
426 2155 505 2219 quos
525 2157 587 2200 vox
607 2133 769 2215 efferatur,
798 2156 938 2219 quosque
959 2136 1065 2220 egredi
1095 2157 1159 2203 non
1180 2138 1275 2204 liceat
1292 2140 1329 2222 ι).

236 2238 369 2304 Causam
392 2258 466 2303 vero
487 2241 521 2304 in
541 2239 602 2305 hoc
624 2240 726 2303 inesse
755 2237 846 2303 dicit:
883 2236 1064 2326 διοριστέον
1093 2229 1149 2304 οὖν
1180 2235 1349 2327 ἑκάτερον

234 2335 354 2420 αὐτῶν,
393 2337 476 2425 πρὸς
497 2337 556 2406 δύο
583 2338 799 2423 ποιουμένους
825 2338 883 2429 τὴν
909 2335 1089 2430 ἀναφοράν,
1128 2338 1212 2430 πρός
1232 2367 1268 2408 τε
1288 2339 1328 2406 ιδ

235 2439 458 2530 φθεγγόμενον
478 2440 533 2507 καὶ
554 2439 592 2508 ιδ
615 2445 739 2531 ιιρῖνον·
771 2447 872 2509 ταῦτα
893 2442 929 2510 δέ
952 2442 1041 2510 ἔστιν
1062 2441 1083 2532 ἥ
1103 2468 1139 2513 τε
1161 2442 1251 2534 φωνὴ
1273 2442 1330 2510 καὶ

236 2542 256 2634 ἦ
279 2540 360 2633 ἀκοή
384 2547 439 2632 (oi.
461 2567 492 2630 p.
515 2546 592 2630 33.)‚
614 2537 632 2610 t
654 2541 713 2633 γὰρ
736 2540 949 2613 ἀδυνατοῦσιν
971 2537 1076 2629 αὗται,
1100 2545 1194 2636 ἡμὲν
1209 2552 1328 2629 ποιεῖν,

234 2645 253 2736 ἡ
278 2648 313 2715 δὲ
334 2643 465 2736 κρίνειν,
488 2640 576 2713 ταῦτ’
598 2643 720 2730 ἔξωθεν
746 2647 864 2715 τεδὲον
885 2655 943 2715 τοῦ
961 2673 998 2716 τε
1017 2647 1174 2738 χρησίμου
1195 2649 1250 2717 καὶ
1272 2652 1329 2717 δυ-

236 2757 332 2840 ταιῆς
354 2750 387 2816 ἐν
409 2754 500 2840 φωνῇ
521 2750 676 2836 γενέσθαι
698 2748 886 2830 διατάσεως.
931 2754 990 2832 Qui
1004 2775 1077 2819 vero
1094 2755 1157 2820 sint
1178 2740 1225 2820 illi
1240 2753 1329 2836 fines,

235 2855 310 2920 ibid.
339 2877 368 2940 p.
391 2855 442 2920 20.
476 2853 616 2921 declarat
632 2855 670 2940 ²).
713 2855 765 2921 Sic
800 2877 870 2920 cum
894 2857 1098 2923 Aristoxenus
1131 2858 1330 2926 harmonicas

236 3125 342 3178 aurium
361 3139 443 3178 causa
461 3153 493 3163 —
519 3124 638 3179 numeris
656 3124 829 3193 astringeret.
864 3124 989 3194 Namque
1006 3127 1074 3182 haec
1092 3129 1147 3184 duo
1159 3130 1264 3198 musici,
1283 3131 1330 3198 qui

236 3216 315 3266 arant
332 3213 469 3281 quondam
488 3211 576 3266 eidem
594 3214 699 3281 poetae,
717 3212 867 3266 machinati
884 3214 920 3268 ad
937 3215 1107 3285 voluptatem
1126 3224 1202 3286 sunt,
1221 3235 1329 3273 versum

237 3303 319 3369 atque
337 3303 462 3366 cantum,
490 3303 522 3354 ut
539 3303 567 3353 et
583 3299 730 3355 verborum
748 3317 861 3356 numero
885 3305 913 3356 et
930 3321 1027 3358 vocum
1046 3306 1127 3361 modo
1146 3306 1329 3361 delectatione

237 3389 378 3443 vincerent
396 3388 502 3441 aurium
519 3388 684 3444 satietatem.
718 3389 794 3443 llaec
818 3389 904 3460 igitur
928 3392 995 3462 duc,
1026 3393 1101 3448 vocis
1122 3393 1184 3448 dico
1206 3395 1329 3448 modera-

235 3477 339 3530 tionem
358 3478 387 3530 et
403 3476 549 3530 verborum
567 3477 776 3547 conclusionem,
795 3479 884 3547 quoad
903 3480 1033 3534 orationis
1051 3482 1181 3537 severitas
1198 3483 1257 3552 pati
1269 3499 1329 3552 pos·

239 3568 288 3633 set,
308 3582 324 3617 a
341 3564 450 3633 poetice
467 3565 503 3618 ad
522 3564 704 3634 eloquentiam
721 3567 892 3621 traducenda
910 3569 1074 3622 duxerunt.“

309 3669 330 3740 ¹)
366 3669 435 3724 Ibid.
453 3675 536 3740 p.14.
555 3666 663 3736 ἁπάσης
681 3674 774 3741 φωνῆς
785 3669 930 3743 ὀργανικῆς
950 3675 1036 3726 τεκαὶ
1054 3671 1231 3744 ἀνθρωπικοῖς
1249 3673 1329 3748 ὡρισ-

237 3761 319 3828 μένος
338 3758 398 3811 ἐστί
413 3775 453 3817 τις
470 3754 556 3822 τόνος,
575 3755 608 3811 δν
626 3757 790 3832 διεξέρχεται
812 3759 988 3832 μελῳδοῦσα,
1018 3757 1079 3814 ὅτε
1101 3764 1231 3832 μέγιστος
1249 3765 1295 3816 καὶ
1313 3761 1329 3816 ὁ

239 3842 392 3917 ἐλάχιστος·
426 3841 486 3899 οὔτε
504 3843 557 3920 γὰρ
575 3845 623 3901 ee
640 3844 671 3899 τὸ
688 3850 762 3919 μέγα
786 3843 900 3900 δύναται
923 3846 940 3915 ἡ
959 3845 1036 3919 φωνὴ
1054 3852 1091 3908 εὶς
1109 3845 1224 3923 ἄπειρον
1240 3847 1330 3912 αὔξειν

238 3930 288 4001 τὴν
305 3938 354 3987 τοῦ
371 3937 511 4006 riaciosco
529 3937 641 3988 καὶτοῦ
658 3933 732 3996 ὀξέος
750 3933 891 4003 διάβασιν,
922 3933 982 4003 οὔτε
1001 3938 1049 3992 ἐπὶ
1071 3934 1103 3991 τὸ
1127 3935 1226 4011 μικρὸν
1245 3937 1329 3993 συνά-

239 4039 305 4093 γειν,
324 4019 381 4074 ἀλλ’
400 4022 511 4075 ἵσταταί
527 4041 581 4076 που
599 4021 643 4095 ἐφ’
661 4019 781 4096 ἑκάτερα.

309 4128 331 4200 ²)
367 4127 398 4182 Ιι.
416 4147 440 4183 c.
460 4123 536 4182 otro
551 4129 604 4200 μὲν
621 4124 670 4183 οὗν
691 4127 741 4182 οὐκ
765 4129 852 4182 ἔοικεν
875 4129 947 4183 εἶναί
967 4150 994 4183 τι
1015 4132 1148 4202 μέγιστον
1178 4127 1329 4204 σύμφωνον

241 4211 386 4292 διάστημα,
403 4207 471 4269 κατὰ
488 4217 583 4288 μέντοι
599 4213 649 4284 τὴν
666 4214 799 4291 ἡμετέραν
814 4221 916 4289 χρῆσιν
934 4249 966 4258 -
984 4219 1054 4290 λέγω
1071 4216 1098 4271 δ’
1115 4216 1262 4293 ἡμετέραν,
1279 4218 1330 4290 τήν
