3002 4788
728 215 768 294 31

206 416 431 499 compositione
453 423 484 482 et
505 416 643 482 numeris
664 423 696 481 et
717 415 848 500 pedibus
871 417 1024 482 oratoriis.
1056 417 1099 482 Ut
1121 416 1229 484 Cicero
1251 419 1299 483 di·

206 521 257 598 cit,
280 520 333 584 isti
355 520 547 603 scripserunt
568 519 652 603 apud
674 519 826 584 Graecos:
863 519 1127 602 Thrasymachus,
1159 520 1300 586 Naucra-

204 630 269 700 tes,
303 621 452 704 Gorgias,
484 623 645 706 Ephorus,
673 623 843 700 Isocrates,
874 621 1080 702 Theodectes⁵
1107 623 1299 702 Aristoteles,

204 724 385 790 Theodorus
406 724 591 808 Byzantius,
612 725 855 808 Theophrastus.
898 725 1011 790 Latine
1033 725 1072 790 de
1090 727 1228 792 numeris
1248 727 1298 791 hi:

208 827 330 907 (licere,
352 829 547 906 Victorinum
576 827 744 906 Eusebius,
773 827 993 907 Terentianus,
1023 831 1143 906 Varro,
1169 829 1299 908 Probus

207 930 376 1009 Charisius
397 930 574 1009 Diomedes
598 930 819 1010 Quintilianus,
842 931 996 1010 Donatus,
1010 932 1129 1010 Victor,
1145 931 1299 997 Servius.“

207 1033 309 1098 Varro
335 1039 440 1098 autem
468 1033 509 1098 ab
532 1033 575 1098 eis
597 1033 763 1113 abhorret,
800 1034 854 1115 qui
882 1034 1067 1100 dicebantur
1095 1029 1127 1099 oi
1150 1033 1298 1117 οομπλέ-

206 1159 317 1212 κοντες
352 1136 425 1218 (sc.
444 1139 486 1222 τῇ
517 1140 651 1222 μετρικῇ
687 1132 811 1223 θεωρίᾳ
846 1133 904 1223 τὴν
937 1133 1013 1224 περὶ
1043 1141 1107 1202 τῶν
1139 1141 1298 1224 ροδμῶν).

208 1239 345 1316 Quorum
366 1239 486 1322 primus
507 1238 630 1304 ridetur
652 1239 838 1305 Heliodorus
859 1239 964 1318 fuisse,
986 1261 1167 1322 quanquam
1187 1242 1298 1323 etipse

207 1343 240 1407 in
268 1341 374 1406 multis
402 1342 495 1408 rebus
524 1364 595 1408 cum
622 1364 659 1408 ea
687 1341 853 1425 disciplina
881 1344 1045 1420 consentit,
1076 1364 1170 1424 quam
1196 1343 1300 1408 Ptole·

207 1465 312 1510 maeus
335 1449 366 1509 et
381 1443 483 1530 Varro
504 1445 721 1524 excoluerunt3
743 1445 798 1510 sed
820 1467 891 1511 cum
911 1445 990 1510 illud
1011 1451 1134 1527 tempus
1155 1444 1300 1510 brevissi·

205 1567 291 1614 mum
314 1541 439 1632 (χρόνον
460 1551 605 1633 πρῶτον)
627 1548 806 1613 Aristoxeni
827 1547 906 1613 bene
926 1553 1046 1627 teneat,
1085 1549 1168 1613 inter
1189 1548 1300 1632 rhyth-

204 1651 305 1715 micos
333 1649 513 1715 referendus
535 1656 590 1715 est.
633 1649 717 1715 Illud
744 1651 909 1716 discrimen
940 1651 981 1716 ad
1009 1651 1078 1734 ipsa
1098 1651 1214 1734 pedum
1235 1672 1300 1716 me·

205 1753 357 1818 tricorum
377 1753 506 1818 uomina
526 1754 712 1837 pertinuisse
733 1753 957 1836 intellegimur,
987 1754 1068 1818 sicut
1089 1752 1172 1818 Juha
1193 1753 1300 1818 Helio-

207 1855 285 1920 doro
312 1862 439 1924 auctore
465 1877 540 1924 usus
561 1856 732 1922 Bacchium
760 1856 870 1939 pedem
891 1856 976 1921 hunc
997 1857 1152 1939 appellat:
1189 1891 1298 1936 o....‚

206 1959 372 2042 Dionysius
388 1965 499 2026 contra
513 1959 617 2023 illum:
641 1993 746 2036 ..-o‚
769 1964 800 2024 et
814 1959 859 2023 sic
873 1959 906 2023 in
920 1959 1019 2024 vicem
1032 1959 1300 2025 Palimhacchium

206 2063 361 2126 diversum
382 2069 514 2144 uterque
534 2061 695 2145 intellegit.
739 2061 825 2138 Quae
852 2083 924 2126 cum
952 2062 997 2126 ita
1026 2062 1103 2140 sint,
1139 2062 1300 2128 Heliodcri

204 2165 390 2240 doctrinam,
403 2165 484 2231 uihil
505 2164 547 2228 ad
568 2164 710 2248 Dionysii
733 2164 902 2230 sententias
923 2163 1056 2229 valuisse
1076 2171 1170 2247 puto,
1196 2173 1231 2230 ut
1251 2172 1300 2230 ta-

206 2289 294 2332 ceam
316 2266 356 2332 de
376 2268 443 2352 ejus
470 2273 573 2334 aetate
594 2267 756 2334 hominum
785 2265 949 2333 doctorum
972 2267 1142 2332 sententias
1164 2268 1299 2332 intense

208 2369 393 2451 discrepare.
450 2370 619 2436 Videamus
650 2368 727 2450 quid
758 2369 797 2434 (16
826 2370 1019 2454 singulorum
1049 2368 1163 2452 pedum
1193 2369 1299 2434 indole

207 2472 374 2554 Dionysius
392 2472 528 2555 judicet3
561 2494 599 2538 ac
623 2472 661 2536 de
681 2471 862 2555 pyrrhichio
883 2473 1009 2554 quidem
1029 2472 1121 2538 haec:
1145 2463 1219 2536 oliae
1239 2495 1299 2554 με·

206 2570 418 2660 γαλονιρενιής
445 2571 533 2640 ἐστιν
563 2567 636 2638 eiius
669 2570 785 2655 σεμνός
814 2574 853 2646 (16
889 2573 1044 2657 spondeo:
1081 2567 1208 2656 α’ξίωμα
1235 2571 1300 2656 ἔχει
1359 2659 1361 2663 ι

205 2675 288 2762 μέγα
310 2674 366 2740 καί
388 2672 567 2763 σεμνότητα
589 2672 729 2762 πολλήν,
760 2675 799 2742 (16
817 2677 942 2760 jamho:
980 2669 1038 2740 οὐκ
1061 2673 1151 2741 ἐστίν
1177 2671 1297 2765 δμενής,

206 2781 244 2845 (16
279 2781 443 2846 trochaeo:
479 2774 706 2865 μαλακώτερος
739 2784 798 2844 τοῦ
835 2773 954 2863 ἰάμβου
989 2775 1045 2843 καί
1081 2771 1296 2865 ἅγενέσιερος.

208 2882 386 2963 Sequuntur
407 2881 501 2966 pedes
523 2882 693 2966 trisyllabi:
721 2882 898 2966 tribrachys
920 2881 1035 2948 dicitur
1056 2903 1122 2948 esse
1144 2881 1299 2962 ταπεινός

207 3009 243 3050 τε
265 2981 320 3048 καὶ
341 2977 480 3066 ἒίσεμνος
501 2981 556 3050 καί
578 2978 703 3072 οἷγενής,
741 2985 895 3050 molossus
921 2978 1046 3071 δφηλδς
1066 3008 1102 3050 ce
1123 2982 1179 3050 καί
1200 2979 1298 3068 οίξιω*

205 3084 344 3171 ματικός
364 3085 419 3151 καὶ
440 3083 640 3174 διαβεβηκὼς
661 3082 705 3166 ὡς
727 3085 785 3154 ἐπὶ
806 3082 909 3167 πολύ,
931 3088 1189 3173 amphibrachys:
1226 3090 1298 3156 δια-

206 3186 383 3256 κέκλασταί
402 3213 438 3255 τε
459 3187 515 3256 καί
537 3187 622 3255 aoid
643 3187 681 3254 τὸ
702 3191 790 3278 θῆλυ
804 3186 859 3254 καί
874 3183 983 3274 (lyaee
998 3186 1071 3272 ἔχει,
1095 3198 1298 3275 anapaestus:

209 3293 388 3383 σεμνότητα
409 3291 473 3375 eyes
496 3289 633 3380 πολλήν,
671 3290 726 3357 καὶ
747 3289 831 3360 ἔνθα
859 3293 909 3360 δεῖ
936 3292 1079 3378 μέγεθος
1111 3298 1299 3380 περιθεῖναι

207 3401 277 3476 (οἷς
297 3390 526 3484 πράγμασινῆ
556 3393 684 3476 πάθος,
722 3392 906 3483 ἐπιτήδειός
940 3394 1011 3462 ἐστι
1045 3394 1297 3482 παραλαμβάνο-

209 3504 306 3581 aeci,
329 3501 488 3584 dactylus:
523 3496 611 3564 πάνυ
631 3497 703 3564 ἐστὶ
725 3495 841 3582 σεμνὸς
862 3496 917 3563 καὶ
938 3493 985 3578 εἰς
1006 3495 1124 3576 κάλλος
1143 3494 1299 3587 ἁρμονίας

208 3598 318 3684 ἅξιολο
334 3599 485 3688 pulsarer,
510 3603 659 3668 creticus:
682 3597 770 3667 ἔστιν
785 3595 843 3666 οὐκ
858 3596 979 3689 α’γενής,
1002 3601 1152 3670 bacchius
1174 3609 1297 3688 (no)

207 3699 372 3792 ἀνδρώδης
410 3702 466 3768 καὶ
499 3700 546 3783 εἰς
581 3699 791 3789 σεμνολογίαν
826 3701 1027 3792 ἐπιτήδειος,
1064 3705 1298 3789 hypobacchius

208 3810 353 3894 (υ-..)ε
389 3801 516 3890 α’ξίιομα
537 3803 602 3889 diget
631 3803 687 3871 καί
707 3807 857 3892 μέγεθος.
902 3808 1082 3884 Quaerere
1110 3808 1149 3873 de
1172 3809 1298 3894 dactylo

208 3913 355 3978 dicuntur
382 3911 540 3990 (Aristot.)
569 3910 661 3976 Rhet.
683 3909 738 3989 ΙΙΙ,
761 3910 805 3989 8.,
840 3910 882 3976 ad
912 3931 950 3976 ea
970 3909 1138 3993 Dionysius
1168 3934 1225 3976 sua
1244 3935 1298 3978 ae-

207 4014 420 4078 commcdasse
441 4013 579 4078 videtur:
606 4009 623 4077 δ
646 4008 749 4100 dede
771 4009 888 4094 σεμνδς
908 4008 963 4074 καί
984 4010 1130 4100 λεκτικῆς
1143 4009 1298 4098 ἁρμονίας

208 4113 366 4198 δεόμενος.
411 4117 459 4180 Ι)6
477 4117 585 4198 jamho
616 4137 739 4197 quoque
771 4116 971 4181 consentiunt
997 4116 1079 4194 fere,
1111 4138 1183 4181 nam
1214 4119 1297 4200 quod
